<DATE>	<TIME>	<BID>	<ASK>	<LAST>	<VOLUME>	<FLAGS>
2022.08.17	11:00:00.070	134.794	134.794			6
2022.08.17	11:00:00.171	134.796	134.796			6
2022.08.17	11:00:00.375	134.797	134.797			6
2022.08.17	11:00:00.649	134.798	134.798			6
2022.08.17	11:00:00.722	134.799	134.799			6
2022.08.17	11:00:00.836	134.800	134.800			6
2022.08.17	11:00:00.916	134.799	134.799			6
2022.08.17	11:00:01.022	134.800	134.800			6
2022.08.17	11:00:01.121	134.799	134.799			6
2022.08.17	11:00:01.229	134.800	134.800			6
2022.08.17	11:00:01.350	134.799	134.799			6
2022.08.17	11:00:01.876	134.798	134.798			6
2022.08.17	11:00:01.977	134.800	134.800			6
2022.08.17	11:00:02.535	134.798	134.798			6
2022.08.17	11:00:02.833	134.797	134.797			6
2022.08.17	11:00:02.940	134.798	134.798			6
2022.08.17	11:00:03.059	134.799	134.799			6
2022.08.17	11:00:03.175	134.800	134.800			6
2022.08.17	11:00:03.386	134.798	134.798			6
2022.08.17	11:00:03.482	134.799	134.799			6
2022.08.17	11:00:03.677	134.798	134.798			6
2022.08.17	11:00:05.620	134.802	134.802			6
2022.08.17	11:00:05.839	134.803	134.803			6
2022.08.17	11:00:06.143	134.802	134.802			6
2022.08.17	11:00:06.384	134.803	134.803			6
2022.08.17	11:00:06.590	134.802	134.802			6
2022.08.17	11:00:06.695	134.805	134.811			6
2022.08.17	11:00:06.800	134.811				2
2022.08.17	11:00:06.894	134.816	134.816			6
2022.08.17	11:00:07.096	134.815	134.815			6
2022.08.17	11:00:07.199	134.814	134.814			6
2022.08.17	11:00:07.326	134.817	134.817			6
2022.08.17	11:00:07.450	134.820	134.820			6
2022.08.17	11:00:07.543	134.821	134.821			6
2022.08.17	11:00:07.642	134.820	134.820			6
2022.08.17	11:00:07.946	134.821	134.821			6
2022.08.17	11:00:08.054	134.826	134.826			6
2022.08.17	11:00:08.181	134.824	134.824			6
2022.08.17	11:00:08.301	134.826	134.826			6
2022.08.17	11:00:08.400	134.827	134.827			6
2022.08.17	11:00:08.502	134.828	134.828			6
2022.08.17	11:00:08.626	134.830	134.830			6
2022.08.17	11:00:08.737	134.838	134.838			6
2022.08.17	11:00:08.926	134.837	134.837			6
2022.08.17	11:00:09.155	134.840	134.840			6
2022.08.17	11:00:09.252	134.842	134.842			6
2022.08.17	11:00:09.354	134.844	134.844			6
2022.08.17	11:00:09.451	134.843	134.843			6
2022.08.17	11:00:09.763	134.846	134.846			6
2022.08.17	11:00:09.889	134.852	134.852			6
2022.08.17	11:00:10.010	134.855	134.855			6
2022.08.17	11:00:10.119	134.856	134.856			6
2022.08.17	11:00:10.213	134.860	134.860			6
2022.08.17	11:00:10.411	134.861	134.861			6
2022.08.17	11:00:10.509	134.863	134.863			6
2022.08.17	11:00:10.621	134.867	134.867			6
2022.08.17	11:00:10.865	134.868	134.868			6
2022.08.17	11:00:10.958	134.869	134.869			6
2022.08.17	11:00:11.066	134.867	134.867			6
2022.08.17	11:00:11.363	134.864	134.864			6
2022.08.17	11:00:11.471	134.868	134.868			6
2022.08.17	11:00:11.594	134.866	134.866			6
2022.08.17	11:00:11.710	134.867	134.867			6
2022.08.17	11:00:11.811	134.865	134.865			6
2022.08.17	11:00:11.916	134.868	134.868			6
2022.08.17	11:00:12.014	134.865	134.865			6
2022.08.17	11:00:12.116	134.867	134.867			6
2022.08.17	11:00:12.210	134.863	134.863			6
2022.08.17	11:00:12.665	134.862	134.862			6
2022.08.17	11:00:12.767	134.861	134.861			6
2022.08.17	11:00:12.960	134.860	134.860			6
2022.08.17	11:00:13.062	134.861	134.861			6
2022.08.17	11:00:14.039	134.862	134.862			6
2022.08.17	11:00:14.278	134.863	134.863			6
2022.08.17	11:00:14.377	134.867	134.867			6
2022.08.17	11:00:14.479	134.865	134.865			6
2022.08.17	11:00:14.584	134.866	134.866			6
2022.08.17	11:00:14.673	134.865	134.865			6
2022.08.17	11:00:14.785	134.863	134.863			6
2022.08.17	11:00:14.880	134.862	134.862			6
2022.08.17	11:00:15.333	134.863	134.863			6
2022.08.17	11:00:15.861	134.862	134.862			6
2022.08.17	11:00:15.987	134.863	134.863			6
2022.08.17	11:00:16.180	134.862	134.862			6
2022.08.17	11:00:16.283	134.863	134.863			6
2022.08.17	11:00:16.494	134.865	134.865			6
2022.08.17	11:00:16.594	134.863	134.863			6
2022.08.17	11:00:16.715	134.865	134.865			6
2022.08.17	11:00:16.833	134.864	134.864			6
2022.08.17	11:00:17.451	134.867	134.867			6
2022.08.17	11:00:17.572	134.868	134.868			6
2022.08.17	11:00:17.692	134.869	134.869			6
2022.08.17	11:00:17.798	134.868	134.868			6
2022.08.17	11:00:17.893	134.867	134.867			6
2022.08.17	11:00:18.097	134.866	134.866			6
2022.08.17	11:00:18.193	134.867	134.867			6
2022.08.17	11:00:18.301	134.868	134.868			6
2022.08.17	11:00:18.424	134.867	134.867			6
2022.08.17	11:00:18.550	134.868	134.868			6
2022.08.17	11:00:18.645	134.867	134.867			6
2022.08.17	11:00:18.848	134.868	134.868			6
2022.08.17	11:00:19.154	134.867	134.867			6
2022.08.17	11:00:19.275	134.868	134.868			6
2022.08.17	11:00:19.396	134.867	134.867			6
2022.08.17	11:00:19.692	134.868	134.868			6
2022.08.17	11:00:19.795	134.867	134.867			6
2022.08.17	11:00:20.134	134.868	134.868			6
2022.08.17	11:00:20.260	134.867	134.867			6
2022.08.17	11:00:20.357	134.868	134.868			6
2022.08.17	11:00:20.466	134.869	134.869			6
2022.08.17	11:00:20.558	134.868	134.868			6
2022.08.17	11:00:20.655	134.869	134.869			6
2022.08.17	11:00:20.861	134.870	134.870			6
2022.08.17	11:00:20.989	134.869	134.869			6
2022.08.17	11:00:21.113	134.868	134.868			6
2022.08.17	11:00:21.306	134.869	134.869			6
2022.08.17	11:00:21.404	134.868	134.868			6
2022.08.17	11:00:21.513	134.869	134.869			6
2022.08.17	11:00:21.612	134.868	134.868			6
2022.08.17	11:00:21.725	134.869	134.869			6
2022.08.17	11:00:22.064	134.870	134.870			6
2022.08.17	11:00:22.167	134.869	134.869			6
2022.08.17	11:00:22.264	134.870	134.870			6
2022.08.17	11:00:22.460	134.869	134.869			6
2022.08.17	11:00:22.570	134.870	134.870			6
2022.08.17	11:00:22.702	134.869	134.869			6
2022.08.17	11:00:23.209	134.868	134.868			6
2022.08.17	11:00:23.311	134.870	134.870			6
2022.08.17	11:00:23.419	134.868	134.868			6
2022.08.17	11:00:23.552	134.870	134.870			6
2022.08.17	11:00:23.765	134.869	134.869			6
2022.08.17	11:00:23.966	134.870	134.870			6
2022.08.17	11:00:24.072	134.869	134.869			6
2022.08.17	11:00:24.277	134.870	134.870			6
2022.08.17	11:00:24.402	134.869	134.869			6
2022.08.17	11:00:24.622	134.879	134.879			6
2022.08.17	11:00:24.826	134.881	134.881			6
2022.08.17	11:00:24.926	134.882	134.882			6
2022.08.17	11:00:25.129	134.884	134.884			6
2022.08.17	11:00:25.381	134.882	134.882			6
2022.08.17	11:00:25.470	134.883	134.883			6
2022.08.17	11:00:25.583	134.874	134.874			6
2022.08.17	11:00:25.676	134.873	134.873			6
2022.08.17	11:00:25.781	134.874	134.874			6
2022.08.17	11:00:25.879	134.873	134.873			6
2022.08.17	11:00:25.984	134.874	134.874			6
2022.08.17	11:00:26.109	134.871	134.871			6
2022.08.17	11:00:26.223	134.873	134.873			6
2022.08.17	11:00:26.326	134.872	134.872			6
2022.08.17	11:00:26.438	134.873	134.873			6
2022.08.17	11:00:27.196	134.866	134.866			6
2022.08.17	11:00:27.388	134.865	134.865			6
2022.08.17	11:00:27.490	134.863	134.863			6
2022.08.17	11:00:27.590	134.864	134.864			6
2022.08.17	11:00:27.694	134.862	134.862			6
2022.08.17	11:00:27.814	134.863	134.863			6
2022.08.17	11:00:27.940	134.865	134.865			6
2022.08.17	11:00:28.139	134.867	134.867			6
2022.08.17	11:00:28.234	134.868	134.868			6
2022.08.17	11:00:28.344	134.869	134.869			6
2022.08.17	11:00:28.443	134.870	134.870			6
2022.08.17	11:00:28.795	134.869	134.869			6
2022.08.17	11:00:28.893	134.870	134.870			6
2022.08.17	11:00:29.094	134.871	134.871			6
2022.08.17	11:00:29.194	134.870	134.870			6
2022.08.17	11:00:29.301	134.868	134.868			6
2022.08.17	11:00:29.401	134.867	134.867			6
2022.08.17	11:00:29.530	134.864	134.864			6
2022.08.17	11:00:29.652	134.865	134.865			6
2022.08.17	11:00:29.744	134.863	134.863			6
2022.08.17	11:00:29.846	134.864	134.864			6
2022.08.17	11:00:30.147	134.863	134.863			6
2022.08.17	11:00:30.277	134.858	134.858			6
2022.08.17	11:00:30.381	134.860	134.860			6
2022.08.17	11:00:30.507	134.859	134.859			6
2022.08.17	11:00:30.601	134.858	134.858			6
2022.08.17	11:00:30.807	134.855	134.855			6
2022.08.17	11:00:31.002	134.854	134.854			6
2022.08.17	11:00:31.348	134.855	134.855			6
2022.08.17	11:00:31.954	134.853	134.853			6
2022.08.17	11:00:32.411	134.854	134.854			6
2022.08.17	11:00:32.506	134.853	134.853			6
2022.08.17	11:00:33.053	134.854	134.854			6
2022.08.17	11:00:34.002	134.853	134.853			6
2022.08.17	11:00:34.117	134.854	134.854			6
2022.08.17	11:00:34.313	134.853	134.853			6
2022.08.17	11:00:34.412	134.852	134.852			6
2022.08.17	11:00:34.523	134.850	134.850			6
2022.08.17	11:00:34.757	134.849	134.849			6
2022.08.17	11:00:34.867	134.848	134.848			6
2022.08.17	11:00:35.062	134.849	134.849			6
2022.08.17	11:00:35.361	134.850	134.850			6
2022.08.17	11:00:35.619	134.849	134.849			6
2022.08.17	11:00:35.722	134.846	134.846			6
2022.08.17	11:00:35.924	134.845	134.845			6
2022.08.17	11:00:36.023	134.846	134.846			6
2022.08.17	11:00:36.123	134.844	134.844			6
2022.08.17	11:00:36.225	134.846	134.846			6
2022.08.17	11:00:36.390	134.845	134.845			6
2022.08.17	11:00:36.481	134.847	134.847			6
2022.08.17	11:00:36.577	134.848	134.848			6
2022.08.17	11:00:36.679	134.849	134.849			6
2022.08.17	11:00:36.880	134.851	134.851			6
2022.08.17	11:00:37.080	134.850	134.850			6
2022.08.17	11:00:37.198	134.851	134.851			6
2022.08.17	11:00:37.323	134.850	134.850			6
2022.08.17	11:00:37.424	134.851	134.851			6
2022.08.17	11:00:37.730	134.849	134.849			6
2022.08.17	11:00:37.931	134.850	134.850			6
2022.08.17	11:00:38.286	134.851	134.851			6
2022.08.17	11:00:38.408	134.850	134.850			6
2022.08.17	11:00:38.506	134.852	134.852			6
2022.08.17	11:00:38.706	134.853	134.853			6
2022.08.17	11:00:38.802	134.850	134.850			6
2022.08.17	11:00:38.904	134.852	134.852			6
2022.08.17	11:00:39.135	134.851	134.851			6
2022.08.17	11:00:39.241	134.853	134.853			6
2022.08.17	11:00:39.531	134.852	134.852			6
2022.08.17	11:00:39.636	134.853	134.853			6
2022.08.17	11:00:39.760	134.851	134.851			6
2022.08.17	11:00:40.088	134.852	134.852			6
2022.08.17	11:00:40.288	134.851	134.851			6
2022.08.17	11:00:40.385	134.852	134.852			6
2022.08.17	11:00:41.042	134.851	134.851			6
2022.08.17	11:00:41.135	134.852	134.852			6
2022.08.17	11:00:41.242	134.853	134.853			6
2022.08.17	11:00:41.342	134.852	134.852			6
2022.08.17	11:00:41.469	134.853	134.853			6
2022.08.17	11:00:41.594	134.852	134.852			6
2022.08.17	11:00:41.701	134.853	134.853			6
2022.08.17	11:00:41.900	134.852	134.852			6
2022.08.17	11:00:42.000	134.851	134.851			6
2022.08.17	11:00:42.104	134.848	134.848			6
2022.08.17	11:00:42.202	134.847	134.847			6
2022.08.17	11:00:42.326	134.846	134.846			6
2022.08.17	11:00:42.441	134.847	134.847			6
2022.08.17	11:00:42.544	134.846	134.846			6
2022.08.17	11:00:43.183	134.847	134.847			6
2022.08.17	11:00:43.400	134.846	134.846			6
2022.08.17	11:00:43.810	134.845	134.845			6
2022.08.17	11:00:43.909	134.846	134.846			6
2022.08.17	11:00:44.035	134.847	134.847			6
2022.08.17	11:00:44.454	134.846	134.846			6
2022.08.17	11:00:44.882	134.847	134.847			6
2022.08.17	11:00:45.218	134.846	134.846			6
2022.08.17	11:00:45.522	134.847	134.847			6
2022.08.17	11:00:45.872	134.846	134.846			6
2022.08.17	11:00:46.278	134.847	134.847			6
2022.08.17	11:00:46.409	134.848	134.848			6
2022.08.17	11:00:46.472	134.849	134.849			6
2022.08.17	11:00:46.604	134.848	134.848			6
2022.08.17	11:00:46.726	134.847	134.847			6
2022.08.17	11:00:46.919	134.848	134.848			6
2022.08.17	11:00:47.339	134.853	134.853			6
2022.08.17	11:00:47.454	134.856	134.856			6
2022.08.17	11:00:47.875	134.857	134.857			6
2022.08.17	11:00:48.004	134.856	134.856			6
2022.08.17	11:00:48.205	134.857	134.857			6
2022.08.17	11:00:48.303	134.856	134.856			6
2022.08.17	11:00:48.633	134.857	134.857			6
2022.08.17	11:00:48.725	134.855	134.855			6
2022.08.17	11:00:48.822	134.854	134.854			6
2022.08.17	11:00:49.035	134.853	134.853			6
2022.08.17	11:00:49.175	134.855	134.855			6
2022.08.17	11:00:49.282	134.854	134.854			6
2022.08.17	11:00:49.482	134.855	134.855			6
2022.08.17	11:00:49.577	134.854	134.854			6
2022.08.17	11:00:49.683	134.853	134.853			6
2022.08.17	11:00:49.811	134.854	134.854			6
2022.08.17	11:00:49.911	134.853	134.853			6
2022.08.17	11:00:50.336	134.852	134.852			6
2022.08.17	11:00:50.436	134.854	134.854			6
2022.08.17	11:00:50.536	134.853	134.853			6
2022.08.17	11:00:50.632	134.852	134.852			6
2022.08.17	11:00:51.099	134.851	134.851			6
2022.08.17	11:00:51.193	134.853	134.853			6
2022.08.17	11:00:51.391	134.854	134.854			6
2022.08.17	11:00:51.487	134.853	134.853			6
2022.08.17	11:00:51.593	134.854	134.854			6
2022.08.17	11:00:51.839	134.853	134.853			6
2022.08.17	11:00:51.938	134.854	134.854			6
2022.08.17	11:00:52.242	134.853	134.853			6
2022.08.17	11:00:52.442	134.854	134.854			6
2022.08.17	11:00:52.794	134.853	134.853			6
2022.08.17	11:00:52.895	134.852	134.852			6
2022.08.17	11:00:52.994	134.853	134.853			6
2022.08.17	11:00:53.091	134.852	134.852			6
2022.08.17	11:00:54.407	134.850	134.850			6
2022.08.17	11:00:54.503	134.847	134.847			6
2022.08.17	11:00:55.016	134.851	134.851			6
2022.08.17	11:00:55.261	134.852	134.852			6
2022.08.17	11:00:55.363	134.853	134.853			6
2022.08.17	11:00:55.456	134.854	134.854			6
2022.08.17	11:00:55.660	134.853	134.853			6
2022.08.17	11:00:55.760	134.855	134.855			6
2022.08.17	11:00:56.217	134.856	134.856			6
2022.08.17	11:00:56.312	134.854	134.854			6
2022.08.17	11:00:56.714	134.855	134.855			6
2022.08.17	11:00:56.853	134.853	134.853			6
2022.08.17	11:00:56.964	134.854	134.854			6
2022.08.17	11:00:57.065	134.855	134.855			6
2022.08.17	11:00:57.162	134.854	134.854			6
2022.08.17	11:00:57.264	134.855	134.855			6
2022.08.17	11:00:57.360	134.854	134.854			6
2022.08.17	11:00:57.460	134.853	134.853			6
2022.08.17	11:00:57.572	134.854	134.854			6
2022.08.17	11:00:57.691	134.855	134.855			6
2022.08.17	11:00:58.549	134.856	134.856			6
2022.08.17	11:00:58.673	134.852	134.852			6
2022.08.17	11:00:58.872	134.851	134.851			6
2022.08.17	11:00:58.971	134.852	134.852			6
2022.08.17	11:00:59.097	134.851	134.851			6
2022.08.17	11:00:59.199	134.850	134.850			6
2022.08.17	11:00:59.294	134.851	134.851			6
2022.08.17	11:00:59.523	134.853	134.853			6
2022.08.17	11:00:59.626	134.863	134.863			6
2022.08.17	11:00:59.726	134.871	134.871			6
2022.08.17	11:01:00.022	134.873	134.873			6
2022.08.17	11:01:00.133	134.872	134.872			6
2022.08.17	11:01:00.255	134.874	134.874			6
2022.08.17	11:01:00.408	134.878	134.878			6
2022.08.17	11:01:00.473	134.879	134.879			6
2022.08.17	11:01:00.577	134.881	134.881			6
2022.08.17	11:01:00.690	134.882	134.882			6
2022.08.17	11:01:00.789	134.880	134.880			6
2022.08.17	11:01:00.879	134.882	134.882			6
2022.08.17	11:01:00.989	134.880	134.880			6
2022.08.17	11:01:01.115	134.878	134.878			6
2022.08.17	11:01:01.234	134.880	134.880			6
2022.08.17	11:01:01.329	134.879	134.879			6
2022.08.17	11:01:01.537	134.880	134.880			6
2022.08.17	11:01:01.630	134.878	134.878			6
2022.08.17	11:01:01.732	134.877	134.877			6
2022.08.17	11:01:01.839	134.880	134.880			6
2022.08.17	11:01:01.956	134.882	134.882			6
2022.08.17	11:01:02.085	134.881	134.881			6
2022.08.17	11:01:02.182	134.882	134.882			6
2022.08.17	11:01:02.281	134.881	134.881			6
2022.08.17	11:01:02.484	134.882	134.882			6
2022.08.17	11:01:02.584	134.878	134.878			6
2022.08.17	11:01:02.688	134.877	134.877			6
2022.08.17	11:01:02.936	134.878	134.878			6
2022.08.17	11:01:03.347	134.879	134.879			6
2022.08.17	11:01:03.435	134.878	134.878			6
2022.08.17	11:01:03.544	134.880	134.880			6
2022.08.17	11:01:03.657	134.879	134.879			6
2022.08.17	11:01:03.776	134.880	134.880			6
2022.08.17	11:01:03.885	134.878	134.878			6
2022.08.17	11:01:03.983	134.879	134.879			6
2022.08.17	11:01:04.183	134.880	134.880			6
2022.08.17	11:01:04.291	134.878	134.878			6
2022.08.17	11:01:04.388	134.879	134.879			6
2022.08.17	11:01:04.735	134.880	134.880			6
2022.08.17	11:01:04.834	134.879	134.879			6
2022.08.17	11:01:05.241	134.880	134.880			6
2022.08.17	11:01:05.368	134.878	134.878			6
2022.08.17	11:01:05.486	134.879	134.879			6
2022.08.17	11:01:05.693	134.878	134.878			6
2022.08.17	11:01:05.795	134.875	134.875			6
2022.08.17	11:01:05.989	134.874	134.874			6
2022.08.17	11:01:06.098	134.876	134.876			6
2022.08.17	11:01:06.225	134.873	134.873			6
2022.08.17	11:01:06.386	134.875	134.875			6
2022.08.17	11:01:06.540	134.874	134.874			6
2022.08.17	11:01:06.645	134.875	134.875			6
2022.08.17	11:01:06.743	134.873	134.873			6
2022.08.17	11:01:06.843	134.874	134.874			6
2022.08.17	11:01:07.071	134.872	134.872			6
2022.08.17	11:01:07.496	134.873	134.873			6
2022.08.17	11:01:07.702	134.874	134.874			6
2022.08.17	11:01:07.801	134.875	134.875			6
2022.08.17	11:01:07.926	134.876	134.876			6
2022.08.17	11:01:08.048	134.875	134.875			6
2022.08.17	11:01:09.099	134.874	134.874			6
2022.08.17	11:01:09.209	134.875	134.875			6
2022.08.17	11:01:09.311	134.873	134.873			6
2022.08.17	11:01:09.411	134.872	134.872			6
2022.08.17	11:01:09.519	134.873	134.873			6
2022.08.17	11:01:09.750	134.872	134.872			6
2022.08.17	11:01:09.856	134.873	134.873			6
2022.08.17	11:01:09.958	134.874	134.874			6
2022.08.17	11:01:10.056	134.875	134.875			6
2022.08.17	11:01:10.159	134.876	134.876			6
2022.08.17	11:01:10.256	134.875	134.875			6
2022.08.17	11:01:10.490	134.874	134.874			6
2022.08.17	11:01:10.707	134.875	134.875			6
2022.08.17	11:01:10.838	134.874	134.874			6
2022.08.17	11:01:11.973	134.876	134.876			6
2022.08.17	11:01:12.319	134.874	134.874			6
2022.08.17	11:01:12.417	134.875	134.875			6
2022.08.17	11:01:12.617	134.876	134.876			6
2022.08.17	11:01:13.273	134.875	134.875			6
2022.08.17	11:01:13.474	134.873	134.873			6
2022.08.17	11:01:13.571	134.874	134.874			6
2022.08.17	11:01:13.677	134.875	134.875			6
2022.08.17	11:01:14.233	134.877	134.877			6
2022.08.17	11:01:14.324	134.878	134.878			6
2022.08.17	11:01:14.431	134.879	134.879			6
2022.08.17	11:01:14.538	134.878	134.878			6
2022.08.17	11:01:14.883	134.880	134.880			6
2022.08.17	11:01:15.287	134.884	134.884			6
2022.08.17	11:01:15.742	134.882	134.882			6
2022.08.17	11:01:15.839	134.881	134.881			6
2022.08.17	11:01:16.040	134.879	134.879			6
2022.08.17	11:01:16.140	134.881	134.881			6
2022.08.17	11:01:16.243	134.882	134.882			6
2022.08.17	11:01:16.388	134.881	134.881			6
2022.08.17	11:01:16.574	134.884	134.884			6
2022.08.17	11:01:16.592	134.883	134.883			6
2022.08.17	11:01:16.804	134.887	134.887			6
2022.08.17	11:01:17.000	134.890	134.890			6
2022.08.17	11:01:17.839	134.891	134.891			6
2022.08.17	11:01:17.941	134.890	134.890			6
2022.08.17	11:01:18.295	134.888	134.888			6
2022.08.17	11:01:18.396	134.889	134.889			6
2022.08.17	11:01:18.497	134.885	134.885			6
2022.08.17	11:01:18.698	134.884	134.884			6
2022.08.17	11:01:18.796	134.882	134.882			6
2022.08.17	11:01:19.035	134.881	134.881			6
2022.08.17	11:01:19.152	134.880	134.880			6
2022.08.17	11:01:20.102	134.882	134.882			6
2022.08.17	11:01:20.419	134.886	134.886			6
2022.08.17	11:01:20.622	134.887	134.887			6
2022.08.17	11:01:20.987	134.888	134.888			6
2022.08.17	11:01:21.083	134.889	134.889			6
2022.08.17	11:01:21.186	134.887	134.887			6
2022.08.17	11:01:21.482	134.886	134.886			6
2022.08.17	11:01:22.321	134.885	134.885			6
2022.08.17	11:01:22.448	134.887	134.887			6
2022.08.17	11:01:22.569	134.888	134.888			6
2022.08.17	11:01:22.667	134.887	134.887			6
2022.08.17	11:01:22.772	134.888	134.888			6
2022.08.17	11:01:22.971	134.887	134.887			6
2022.08.17	11:01:23.299	134.888	134.888			6
2022.08.17	11:01:24.160	134.889	134.889			6
2022.08.17	11:01:24.280	134.890	134.890			6
2022.08.17	11:01:24.375	134.891	134.891			6
2022.08.17	11:01:24.579	134.893	134.893			6
2022.08.17	11:01:24.681	134.894	134.894			6
2022.08.17	11:01:24.882	134.895	134.895			6
2022.08.17	11:01:25.015	134.894	134.894			6
2022.08.17	11:01:25.133	134.895	134.895			6
2022.08.17	11:01:25.232	134.894	134.894			6
2022.08.17	11:01:25.532	134.895	134.895			6
2022.08.17	11:01:26.082	134.894	134.894			6
2022.08.17	11:01:26.725	134.886	134.886			6
2022.08.17	11:01:26.845	134.889	134.889			6
2022.08.17	11:01:27.141	134.888	134.888			6
2022.08.17	11:01:27.346	134.884	134.884			6
2022.08.17	11:01:27.573	134.883	134.883			6
2022.08.17	11:01:27.689	134.884	134.884			6
2022.08.17	11:01:27.797	134.885	134.885			6
2022.08.17	11:01:27.995	134.884	134.884			6
2022.08.17	11:01:28.092	134.885	134.885			6
2022.08.17	11:01:28.190	134.884	134.884			6
2022.08.17	11:01:28.641	134.883	134.883			6
2022.08.17	11:01:28.954	134.884	134.884			6
2022.08.17	11:01:29.055	134.883	134.883			6
2022.08.17	11:01:29.912	134.882	134.882			6
2022.08.17	11:01:30.133	134.883	134.883			6
2022.08.17	11:01:30.256	134.882	134.882			6
2022.08.17	11:01:30.570	134.883	134.883			6
2022.08.17	11:01:30.671	134.882	134.882			6
2022.08.17	11:01:31.316	134.883	134.883			6
2022.08.17	11:01:31.414	134.882	134.882			6
2022.08.17	11:01:31.515	134.883	134.883			6
2022.08.17	11:01:31.620	134.882	134.882			6
2022.08.17	11:01:31.721	134.883	134.883			6
2022.08.17	11:01:31.960	134.882	134.882			6
2022.08.17	11:01:32.065	134.883	134.883			6
2022.08.17	11:01:32.367	134.882	134.882			6
2022.08.17	11:01:32.463	134.883	134.883			6
2022.08.17	11:01:32.571	134.882	134.882			6
2022.08.17	11:01:33.122	134.883	134.883			6
2022.08.17	11:01:33.218	134.882	134.882			6
2022.08.17	11:01:33.314	134.880	134.880			6
2022.08.17	11:01:33.549	134.881	134.881			6
2022.08.17	11:01:33.672	134.879	134.879			6
2022.08.17	11:01:33.782	134.880	134.880			6
2022.08.17	11:01:33.884	134.882	134.882			6
2022.08.17	11:01:33.982	134.879	134.879			6
2022.08.17	11:01:34.082	134.878	134.878			6
2022.08.17	11:01:34.624	134.879	134.879			6
2022.08.17	11:01:34.728	134.876	134.876			6
2022.08.17	11:01:34.827	134.878	134.878			6
2022.08.17	11:01:34.931	134.877	134.877			6
2022.08.17	11:01:35.379	134.878	134.878			6
2022.08.17	11:01:35.690	134.886	134.886			6
2022.08.17	11:01:35.788	134.884	134.884			6
2022.08.17	11:01:35.887	134.885	134.885			6
2022.08.17	11:01:35.992	134.887	134.887			6
2022.08.17	11:01:36.115	134.886	134.886			6
2022.08.17	11:01:36.234	134.887	134.887			6
2022.08.17	11:01:36.386	134.886	134.886			6
2022.08.17	11:01:36.432	134.887	134.887			6
2022.08.17	11:01:37.184	134.886	134.886			6
2022.08.17	11:01:37.284	134.887	134.887			6
2022.08.17	11:01:37.393	134.888	134.888			6
2022.08.17	11:01:37.488	134.889	134.889			6
2022.08.17	11:01:37.937	134.888	134.888			6
2022.08.17	11:01:38.037	134.889	134.889			6
2022.08.17	11:01:38.142	134.888	134.888			6
2022.08.17	11:01:38.339	134.889	134.889			6
2022.08.17	11:01:38.441	134.888	134.888			6
2022.08.17	11:01:38.790	134.889	134.889			6
2022.08.17	11:01:38.903	134.887	134.887			6
2022.08.17	11:01:39.400	134.888	134.888			6
2022.08.17	11:01:39.645	134.889	134.889			6
2022.08.17	11:01:39.747	134.888	134.888			6
2022.08.17	11:01:39.852	134.889	134.889			6
2022.08.17	11:01:40.053	134.888	134.888			6
2022.08.17	11:01:40.152	134.889	134.889			6
2022.08.17	11:01:40.255	134.888	134.888			6
2022.08.17	11:01:40.389	134.890	134.890			6
2022.08.17	11:01:40.500	134.888	134.888			6
2022.08.17	11:01:40.707	134.889	134.889			6
2022.08.17	11:01:40.804	134.887	134.887			6
2022.08.17	11:01:40.904	134.888	134.888			6
2022.08.17	11:01:41.002	134.886	134.886			6
2022.08.17	11:01:41.104	134.887	134.887			6
2022.08.17	11:01:41.558	134.884	134.884			6
2022.08.17	11:01:41.660	134.883	134.883			6
2022.08.17	11:01:41.756	134.882	134.882			6
2022.08.17	11:01:41.869	134.875	134.875			6
2022.08.17	11:01:41.967	134.874	134.874			6
2022.08.17	11:01:42.097	134.872	134.872			6
2022.08.17	11:01:42.211	134.875	134.875			6
2022.08.17	11:01:42.310	134.874	134.874			6
2022.08.17	11:01:42.406	134.875	134.875			6
2022.08.17	11:01:42.506	134.874	134.874			6
2022.08.17	11:01:42.609	134.875	134.875			6
2022.08.17	11:01:42.712	134.872	134.872			6
2022.08.17	11:01:42.818	134.871	134.871			6
2022.08.17	11:01:42.940	134.870	134.870			6
2022.08.17	11:01:43.061	134.872	134.872			6
2022.08.17	11:01:43.161	134.869	134.869			6
2022.08.17	11:01:43.271	134.867	134.867			6
2022.08.17	11:01:43.364	134.865	134.865			6
2022.08.17	11:01:43.469	134.862	134.862			6
2022.08.17	11:01:43.669	134.864	134.864			6
2022.08.17	11:01:43.796	134.862	134.862			6
2022.08.17	11:01:44.053	134.863	134.863			6
2022.08.17	11:01:44.144	134.862	134.862			6
2022.08.17	11:01:44.243	134.861	134.861			6
2022.08.17	11:01:44.339	134.862	134.862			6
2022.08.17	11:01:44.446	134.861	134.861			6
2022.08.17	11:01:44.544	134.860	134.860			6
2022.08.17	11:01:44.647	134.859	134.859			6
2022.08.17	11:01:44.771	134.860	134.860			6
2022.08.17	11:01:44.965	134.859	134.859			6
2022.08.17	11:01:45.504	134.861	134.861			6
2022.08.17	11:01:45.622	134.862	134.862			6
2022.08.17	11:01:46.034	134.867	134.867			6
2022.08.17	11:01:46.132	134.866	134.866			6
2022.08.17	11:01:46.234	134.867	134.867			6
2022.08.17	11:01:46.448	134.864	134.864			6
2022.08.17	11:01:46.478	134.865	134.865			6
2022.08.17	11:01:46.577	134.863	134.863			6
2022.08.17	11:01:46.671	134.862	134.862			6
2022.08.17	11:01:46.779	134.866	134.866			6
2022.08.17	11:01:46.981	134.864	134.864			6
2022.08.17	11:01:47.085	134.863	134.863			6
2022.08.17	11:01:47.209	134.862	134.862			6
2022.08.17	11:01:47.326	134.863	134.863			6
2022.08.17	11:01:47.619	134.862	134.862			6
2022.08.17	11:01:47.726	134.860	134.860			6
2022.08.17	11:01:47.930	134.861	134.861			6
2022.08.17	11:01:48.061	134.857	134.857			6
2022.08.17	11:01:48.173	134.856	134.856			6
2022.08.17	11:01:48.379	134.854	134.854			6
2022.08.17	11:01:48.480	134.856	134.856			6
2022.08.17	11:01:48.585	134.857	134.857			6
2022.08.17	11:01:48.790	134.856	134.856			6
2022.08.17	11:01:48.911	134.854	134.854			6
2022.08.17	11:01:49.032	134.856	134.856			6
2022.08.17	11:01:49.128	134.854	134.854			6
2022.08.17	11:01:49.225	134.855	134.855			6
2022.08.17	11:01:49.333	134.854	134.854			6
2022.08.17	11:01:49.427	134.855	134.855			6
2022.08.17	11:01:49.760	134.856	134.856			6
2022.08.17	11:01:49.890	134.855	134.855			6
2022.08.17	11:01:50.111	134.854	134.854			6
2022.08.17	11:01:50.206	134.853	134.853			6
2022.08.17	11:01:50.305	134.852	134.852			6
2022.08.17	11:01:50.405	134.853	134.853			6
2022.08.17	11:01:50.506	134.852	134.852			6
2022.08.17	11:01:50.606	134.853	134.853			6
2022.08.17	11:01:50.729	134.852	134.852			6
2022.08.17	11:01:50.834	134.853	134.853			6
2022.08.17	11:01:50.935	134.851	134.851			6
2022.08.17	11:01:51.030	134.850	134.850			6
2022.08.17	11:01:51.138	134.852	134.852			6
2022.08.17	11:01:51.590	134.851	134.851			6
2022.08.17	11:01:51.696	134.852	134.852			6
2022.08.17	11:01:51.989	134.851	134.851			6
2022.08.17	11:01:53.694	134.852	134.852			6
2022.08.17	11:01:53.796	134.851	134.851			6
2022.08.17	11:01:53.896	134.853	134.853			6
2022.08.17	11:01:54.019	134.854	134.854			6
2022.08.17	11:01:54.148	134.857	134.857			6
2022.08.17	11:01:54.249	134.858	134.858			6
2022.08.17	11:01:54.443	134.859	134.859			6
2022.08.17	11:01:54.648	134.858	134.858			6
2022.08.17	11:01:54.874	134.859	134.859			6
2022.08.17	11:01:54.995	134.858	134.858			6
2022.08.17	11:01:55.093	134.859	134.859			6
2022.08.17	11:01:55.401	134.858	134.858			6
2022.08.17	11:01:55.500	134.859	134.859			6
2022.08.17	11:01:55.854	134.860	134.860			6
2022.08.17	11:01:56.058	134.859	134.859			6
2022.08.17	11:01:56.253	134.860	134.860			6
2022.08.17	11:01:56.382	134.859	134.859			6
2022.08.17	11:01:57.116	134.860	134.860			6
2022.08.17	11:01:57.448	134.865	134.865			6
2022.08.17	11:01:57.662	134.867	134.867			6
2022.08.17	11:01:58.064	134.866	134.866			6
2022.08.17	11:01:58.172	134.870	134.870			6
2022.08.17	11:01:58.716	134.869	134.869			6
2022.08.17	11:01:58.816	134.870	134.870			6
2022.08.17	11:01:59.570	134.866	134.866			6
2022.08.17	11:01:59.669	134.865	134.865			6
2022.08.17	11:01:59.877	134.864	134.864			6
2022.08.17	11:02:00.131	134.863	134.863			6
2022.08.17	11:02:00.860	134.864	134.864			6
2022.08.17	11:02:01.084	134.865	134.865			6
2022.08.17	11:02:01.179	134.866	134.866			6
2022.08.17	11:02:02.033	134.870	134.870			6
2022.08.17	11:02:02.559	134.871	134.871			6
2022.08.17	11:02:02.782	134.870	134.870			6
2022.08.17	11:02:02.888	134.869	134.869			6
2022.08.17	11:02:02.988	134.870	134.870			6
2022.08.17	11:02:03.415	134.867	134.867			6
2022.08.17	11:02:03.547	134.866	134.866			6
2022.08.17	11:02:04.390	134.867	134.867			6
2022.08.17	11:02:04.699	134.868	134.868			6
2022.08.17	11:02:04.797	134.869	134.869			6
2022.08.17	11:02:05.258	134.871	134.871			6
2022.08.17	11:02:07.560	134.869	134.869			6
2022.08.17	11:02:07.688	134.870	134.870			6
2022.08.17	11:02:08.011	134.867	134.867			6
2022.08.17	11:02:08.103	134.866	134.866			6
2022.08.17	11:02:08.210	134.869	134.869			6
2022.08.17	11:02:08.313	134.870	134.870			6
2022.08.17	11:02:08.415	134.872	134.872			6
2022.08.17	11:02:09.062	134.871	134.871			6
2022.08.17	11:02:09.260	134.872	134.872			6
2022.08.17	11:02:10.240	134.869	134.869			6
2022.08.17	11:02:10.366	134.870	134.870			6
2022.08.17	11:02:10.460	134.869	134.869			6
2022.08.17	11:02:11.103	134.867	134.867			6
2022.08.17	11:02:11.435	134.866	134.866			6
2022.08.17	11:02:11.527	134.864	134.864			6
2022.08.17	11:02:11.623	134.866	134.866			6
2022.08.17	11:02:11.826	134.867	134.867			6
2022.08.17	11:02:11.948	134.866	134.866			6
2022.08.17	11:02:12.379	134.867	134.867			6
2022.08.17	11:02:12.573	134.866	134.866			6
2022.08.17	11:02:13.159	134.859	134.859			6
2022.08.17	11:02:13.248	134.863	134.863			6
2022.08.17	11:02:13.351	134.862	134.862			6
2022.08.17	11:02:13.457	134.863	134.863			6
2022.08.17	11:02:13.673	134.862	134.862			6
2022.08.17	11:02:13.983	134.863	134.863			6
2022.08.17	11:02:15.143	134.858	134.858			6
2022.08.17	11:02:15.245	134.862	134.862			6
2022.08.17	11:02:15.367	134.863	134.863			6
2022.08.17	11:02:16.095	134.864	134.864			6
2022.08.17	11:02:16.222	134.865	134.865			6
2022.08.17	11:02:16.391	134.867	134.867			6
2022.08.17	11:02:16.749	134.868	134.868			6
2022.08.17	11:02:16.845	134.869	134.869			6
2022.08.17	11:02:16.957	134.870	134.870			6
2022.08.17	11:02:17.081	134.869	134.869			6
2022.08.17	11:02:17.211	134.865	134.865			6
2022.08.17	11:02:17.303	134.866	134.866			6
2022.08.17	11:02:17.409	134.867	134.867			6
2022.08.17	11:02:17.500	134.866	134.866			6
2022.08.17	11:02:17.701	134.867	134.867			6
2022.08.17	11:02:17.932	134.868	134.868			6
2022.08.17	11:02:18.057	134.867	134.867			6
2022.08.17	11:02:18.353	134.868	134.868			6
2022.08.17	11:02:18.915	134.869	134.869			6
2022.08.17	11:02:19.012	134.868	134.868			6
2022.08.17	11:02:19.309	134.869	134.869			6
2022.08.17	11:02:20.276	134.866	134.866			6
2022.08.17	11:02:20.377	134.867	134.867			6
2022.08.17	11:02:20.502	134.865	134.865			6
2022.08.17	11:02:20.718	134.866	134.866			6
2022.08.17	11:02:20.923	134.867	134.867			6
2022.08.17	11:02:21.020	134.866	134.866			6
2022.08.17	11:02:22.822	134.865	134.865			6
2022.08.17	11:02:23.186	134.874	134.874			6
2022.08.17	11:02:23.287	134.868	134.868			6
2022.08.17	11:02:23.386	134.871	134.871			6
2022.08.17	11:02:23.475	134.870	134.870			6
2022.08.17	11:02:23.909	134.867	134.867			6
2022.08.17	11:02:24.129	134.870	134.870			6
2022.08.17	11:02:24.770	134.865	134.865			6
2022.08.17	11:02:24.889	134.866	134.866			6
2022.08.17	11:02:25.189	134.865	134.865			6
2022.08.17	11:02:25.391	134.866	134.866			6
2022.08.17	11:02:25.489	134.865	134.865			6
2022.08.17	11:02:25.730	134.866	134.866			6
2022.08.17	11:02:25.840	134.865	134.865			6
2022.08.17	11:02:26.401	134.866	134.866			6
2022.08.17	11:02:26.462	134.865	134.865			6
2022.08.17	11:02:26.588	134.866	134.866			6
2022.08.17	11:02:26.689	134.865	134.865			6
2022.08.17	11:02:27.321	134.866	134.866			6
2022.08.17	11:02:27.440	134.865	134.865			6
2022.08.17	11:02:27.747	134.869	134.869			6
2022.08.17	11:02:27.852	134.870	134.870			6
2022.08.17	11:02:28.050	134.871	134.871			6
2022.08.17	11:02:28.168	134.872	134.872			6
2022.08.17	11:02:28.296	134.873	134.873			6
2022.08.17	11:02:29.643	134.872	134.872			6
2022.08.17	11:02:29.747	134.873	134.873			6
2022.08.17	11:02:30.728	134.872	134.872			6
2022.08.17	11:02:30.854	134.870	134.870			6
2022.08.17	11:02:31.454	134.867	134.867			6
2022.08.17	11:02:31.583	134.866	134.866			6
2022.08.17	11:02:31.802	134.868	134.868			6
2022.08.17	11:02:32.005	134.869	134.869			6
2022.08.17	11:02:32.307	134.870	134.870			6
2022.08.17	11:02:32.563	134.869	134.869			6
2022.08.17	11:02:33.614	134.870	134.870			6
2022.08.17	11:02:33.916	134.872	134.872			6
2022.08.17	11:02:34.147	134.873	134.873			6
2022.08.17	11:02:34.270	134.872	134.872			6
2022.08.17	11:02:34.361	134.873	134.873			6
2022.08.17	11:02:34.468	134.872	134.872			6
2022.08.17	11:02:34.686	134.870	134.870			6
2022.08.17	11:02:34.875	134.869	134.869			6
2022.08.17	11:02:35.434	134.865	134.865			6
2022.08.17	11:02:35.736	134.864	134.864			6
2022.08.17	11:02:35.858	134.866	134.866			6
2022.08.17	11:02:35.978	134.865	134.865			6
2022.08.17	11:02:36.073	134.866	134.866			6
2022.08.17	11:02:36.174	134.865	134.865			6
2022.08.17	11:02:36.276	134.866	134.866			6
2022.08.17	11:02:36.417	134.865	134.865			6
2022.08.17	11:02:36.835	134.864	134.864			6
2022.08.17	11:02:37.033	134.865	134.865			6
2022.08.17	11:02:37.132	134.864	134.864			6
2022.08.17	11:02:37.683	134.859	134.859			6
2022.08.17	11:02:37.778	134.862	134.862			6
2022.08.17	11:02:37.880	134.861	134.861			6
2022.08.17	11:02:37.978	134.862	134.862			6
2022.08.17	11:02:38.077	134.863	134.863			6
2022.08.17	11:02:38.529	134.864	134.864			6
2022.08.17	11:02:38.624	134.863	134.863			6
2022.08.17	11:02:38.838	134.866	134.866			6
2022.08.17	11:02:39.038	134.865	134.865			6
2022.08.17	11:02:39.139	134.866	134.866			6
2022.08.17	11:02:39.263	134.865	134.865			6
2022.08.17	11:02:39.686	134.864	134.864			6
2022.08.17	11:02:39.782	134.865	134.865			6
2022.08.17	11:02:42.659	134.864	134.864			6
2022.08.17	11:02:42.983	134.865	134.865			6
2022.08.17	11:02:43.193	134.863	134.863			6
2022.08.17	11:02:43.296	134.865	134.865			6
2022.08.17	11:02:43.401	134.864	134.864			6
2022.08.17	11:02:43.519	134.862	134.862			6
2022.08.17	11:02:43.640	134.863	134.863			6
2022.08.17	11:02:44.367	134.864	134.864			6
2022.08.17	11:02:44.588	134.865	134.865			6
2022.08.17	11:02:45.000	134.866	134.866			6
2022.08.17	11:02:45.219	134.867	134.867			6
2022.08.17	11:02:45.344	134.866	134.866			6
2022.08.17	11:02:46.089	134.867	134.867			6
2022.08.17	11:02:46.096	134.868	134.868			6
2022.08.17	11:02:46.193	134.867	134.867			6
2022.08.17	11:02:48.100	134.868	134.868			6
2022.08.17	11:02:48.199	134.866	134.866			6
2022.08.17	11:02:48.401	134.867	134.867			6
2022.08.17	11:02:49.373	134.869	134.869			6
2022.08.17	11:02:49.491	134.871	134.871			6
2022.08.17	11:02:49.706	134.873	134.873			6
2022.08.17	11:02:49.821	134.874	134.874			6
2022.08.17	11:02:50.016	134.873	134.873			6
2022.08.17	11:02:50.213	134.874	134.874			6
2022.08.17	11:02:50.463	134.873	134.873			6
2022.08.17	11:02:50.556	134.874	134.874			6
2022.08.17	11:02:50.659	134.873	134.873			6
2022.08.17	11:02:50.760	134.874	134.874			6
2022.08.17	11:02:51.062	134.875	134.875			6
2022.08.17	11:02:51.211	134.873	134.873			6
2022.08.17	11:02:51.319	134.874	134.874			6
2022.08.17	11:02:51.422	134.873	134.873			6
2022.08.17	11:02:52.377	134.874	134.874			6
2022.08.17	11:02:52.784	134.875	134.875			6
2022.08.17	11:02:53.523	134.874	134.874			6
2022.08.17	11:02:53.631	134.875	134.875			6
2022.08.17	11:02:54.083	134.874	134.874			6
2022.08.17	11:02:54.185	134.875	134.875			6
2022.08.17	11:02:54.286	134.874	134.874			6
2022.08.17	11:02:54.625	134.875	134.875			6
2022.08.17	11:02:54.836	134.874	134.874			6
2022.08.17	11:02:54.934	134.875	134.875			6
2022.08.17	11:02:55.044	134.878	134.878			6
2022.08.17	11:02:55.138	134.880	134.880			6
2022.08.17	11:02:56.539	134.881	134.881			6
2022.08.17	11:02:56.643	134.883	134.883			6
2022.08.17	11:02:56.738	134.885	134.885			6
2022.08.17	11:02:56.955	134.882	134.882			6
2022.08.17	11:02:57.064	134.884	134.884			6
2022.08.17	11:02:57.174	134.885	134.885			6
2022.08.17	11:02:58.250	134.887	134.887			6
2022.08.17	11:02:59.001	134.886	134.886			6
2022.08.17	11:02:59.323	134.887	134.887			6
2022.08.17	11:02:59.531	134.886	134.886			6
2022.08.17	11:02:59.625	134.887	134.887			6
2022.08.17	11:03:00.157	134.888	134.888			6
2022.08.17	11:03:00.363	134.887	134.887			6
2022.08.17	11:03:01.009	134.888	134.888			6
2022.08.17	11:03:01.315	134.887	134.887			6
2022.08.17	11:03:03.041	134.886	134.886			6
2022.08.17	11:03:03.154	134.885	134.885			6
2022.08.17	11:03:03.662	134.884	134.884			6
2022.08.17	11:03:03.772	134.886	134.886			6
2022.08.17	11:03:03.879	134.887	134.887			6
2022.08.17	11:03:04.117	134.886	134.886			6
2022.08.17	11:03:04.218	134.887	134.887			6
2022.08.17	11:03:04.522	134.886	134.886			6
2022.08.17	11:03:04.864	134.887	134.887			6
2022.08.17	11:03:09.245	134.885	134.885			6
2022.08.17	11:03:09.362	134.886	134.886			6
2022.08.17	11:03:09.571	134.887	134.887			6
2022.08.17	11:03:09.767	134.886	134.886			6
2022.08.17	11:03:09.969	134.887	134.887			6
2022.08.17	11:03:11.553	134.886	134.886			6
2022.08.17	11:03:11.681	134.885	134.885			6
2022.08.17	11:03:11.999	134.886	134.886			6
2022.08.17	11:03:12.102	134.885	134.885			6
2022.08.17	11:03:12.208	134.884	134.884			6
2022.08.17	11:03:12.534	134.883	134.883			6
2022.08.17	11:03:12.754	134.884	134.884			6
2022.08.17	11:03:12.963	134.876	134.876			6
2022.08.17	11:03:13.167	134.874	134.874			6
2022.08.17	11:03:13.271	134.873	134.873			6
2022.08.17	11:03:13.392	134.874	134.874			6
2022.08.17	11:03:14.472	134.875	134.875			6
2022.08.17	11:03:14.666	134.874	134.874			6
2022.08.17	11:03:14.970	134.873	134.873			6
2022.08.17	11:03:15.318	134.874	134.874			6
2022.08.17	11:03:15.425	134.873	134.873			6
2022.08.17	11:03:15.521	134.874	134.874			6
2022.08.17	11:03:15.824	134.873	134.873			6
2022.08.17	11:03:16.273	134.875	134.875			6
2022.08.17	11:03:17.777	134.876	134.876			6
2022.08.17	11:03:17.877	134.874	134.874			6
2022.08.17	11:03:17.983	134.876	134.876			6
2022.08.17	11:03:18.085	134.875	134.875			6
2022.08.17	11:03:18.187	134.874	134.874			6
2022.08.17	11:03:18.285	134.875	134.875			6
2022.08.17	11:03:18.388	134.874	134.874			6
2022.08.17	11:03:18.510	134.875	134.875			6
2022.08.17	11:03:18.634	134.874	134.874			6
2022.08.17	11:03:18.736	134.875	134.875			6
2022.08.17	11:03:19.132	134.874	134.874			6
2022.08.17	11:03:19.242	134.875	134.875			6
2022.08.17	11:03:19.373	134.874	134.874			6
2022.08.17	11:03:21.067	134.873	134.873			6
2022.08.17	11:03:21.405	134.872	134.872			6
2022.08.17	11:03:21.492	134.873	134.873			6
2022.08.17	11:03:21.596	134.872	134.872			6
2022.08.17	11:03:21.925	134.869	134.869			6
2022.08.17	11:03:22.047	134.868	134.868			6
2022.08.17	11:03:22.561	134.869	134.869			6
2022.08.17	11:03:22.658	134.868	134.868			6
2022.08.17	11:03:23.640	134.869	134.869			6
2022.08.17	11:03:24.369	134.868	134.868			6
2022.08.17	11:03:24.712	134.869	134.869			6
2022.08.17	11:03:25.469	134.868	134.868			6
2022.08.17	11:03:26.421	134.869	134.869			6
2022.08.17	11:03:26.925	134.870	134.870			6
2022.08.17	11:03:27.054	134.869	134.869			6
2022.08.17	11:03:27.273	134.870	134.870			6
2022.08.17	11:03:27.490	134.872	134.872			6
2022.08.17	11:03:27.680	134.873	134.873			6
2022.08.17	11:03:27.793	134.874	134.874			6
2022.08.17	11:03:27.910	134.875	134.875			6
2022.08.17	11:03:28.137	134.874	134.874			6
2022.08.17	11:03:28.331	134.875	134.875			6
2022.08.17	11:03:28.437	134.874	134.874			6
2022.08.17	11:03:30.352	134.875	134.875			6
2022.08.17	11:03:30.692	134.874	134.874			6
2022.08.17	11:03:30.791	134.875	134.875			6
2022.08.17	11:03:31.000	134.874	134.874			6
2022.08.17	11:03:31.098	134.875	134.875			6
2022.08.17	11:03:31.208	134.873	134.873			6
2022.08.17	11:03:31.338	134.875	134.875			6
2022.08.17	11:03:31.453	134.873	134.873			6
2022.08.17	11:03:31.551	134.875	134.875			6
2022.08.17	11:03:31.648	134.873	134.873			6
2022.08.17	11:03:31.745	134.875	134.875			6
2022.08.17	11:03:31.842	134.874	134.874			6
2022.08.17	11:03:32.053	134.875	134.875			6
2022.08.17	11:03:32.172	134.874	134.874			6
2022.08.17	11:03:32.504	134.873	134.873			6
2022.08.17	11:03:32.595	134.875	134.875			6
2022.08.17	11:03:32.696	134.874	134.874			6
2022.08.17	11:03:32.901	134.873	134.873			6
2022.08.17	11:03:33.028	134.874	134.874			6
2022.08.17	11:03:33.154	134.872	134.872			6
2022.08.17	11:03:33.352	134.871	134.871			6
2022.08.17	11:03:33.450	134.872	134.872			6
2022.08.17	11:03:33.559	134.873	134.873			6
2022.08.17	11:03:33.877	134.872	134.872			6
2022.08.17	11:03:34.012	134.871	134.871			6
2022.08.17	11:03:34.104	134.872	134.872			6
2022.08.17	11:03:34.204	134.871	134.871			6
2022.08.17	11:03:34.523	134.872	134.872			6
2022.08.17	11:03:34.618	134.874	134.874			6
2022.08.17	11:03:34.958	134.875	134.875			6
2022.08.17	11:03:35.061	134.873	134.873			6
2022.08.17	11:03:35.168	134.874	134.874			6
2022.08.17	11:03:35.377	134.873	134.873			6
2022.08.17	11:03:36.022	134.874	134.874			6
2022.08.17	11:03:36.446	134.875	134.875			6
2022.08.17	11:03:37.175	134.874	134.874			6
2022.08.17	11:03:37.723	134.872	134.872			6
2022.08.17	11:03:37.825	134.871	134.871			6
2022.08.17	11:03:37.933	134.870	134.870			6
2022.08.17	11:03:38.038	134.871	134.871			6
2022.08.17	11:03:38.285	134.872	134.872			6
2022.08.17	11:03:38.380	134.873	134.873			6
2022.08.17	11:03:38.485	134.872	134.872			6
2022.08.17	11:03:39.229	134.871	134.871			6
2022.08.17	11:03:39.331	134.873	134.873			6
2022.08.17	11:03:39.633	134.874	134.874			6
2022.08.17	11:03:39.999	134.875	134.875			6
2022.08.17	11:03:40.083	134.874	134.874			6
2022.08.17	11:03:40.182	134.875	134.875			6
2022.08.17	11:03:40.283	134.874	134.874			6
2022.08.17	11:03:40.384	134.875	134.875			6
2022.08.17	11:03:40.711	134.874	134.874			6
2022.08.17	11:03:40.835	134.875	134.875			6
2022.08.17	11:03:40.931	134.874	134.874			6
2022.08.17	11:03:41.046	134.875	134.875			6
2022.08.17	11:03:41.147	134.874	134.874			6
2022.08.17	11:03:41.239	134.875	134.875			6
2022.08.17	11:03:41.447	134.874	134.874			6
2022.08.17	11:03:41.696	134.875	134.875			6
2022.08.17	11:03:41.793	134.874	134.874			6
2022.08.17	11:03:41.889	134.875	134.875			6
2022.08.17	11:03:41.999	134.874	134.874			6
2022.08.17	11:03:42.101	134.875	134.875			6
2022.08.17	11:03:42.195	134.874	134.874			6
2022.08.17	11:03:42.297	134.873	134.873			6
2022.08.17	11:03:42.431	134.874	134.874			6
2022.08.17	11:03:42.544	134.873	134.873			6
2022.08.17	11:03:42.651	134.875	134.875			6
2022.08.17	11:03:42.754	134.873	134.873			6
2022.08.17	11:03:42.851	134.874	134.874			6
2022.08.17	11:03:42.949	134.873	134.873			6
2022.08.17	11:03:43.045	134.872	134.872			6
2022.08.17	11:03:44.008	134.874	134.874			6
2022.08.17	11:03:44.129	134.875	134.875			6
2022.08.17	11:03:45.102	134.873	134.873			6
2022.08.17	11:03:45.197	134.875	134.875			6
2022.08.17	11:03:45.600	134.874	134.874			6
2022.08.17	11:03:45.699	134.875	134.875			6
2022.08.17	11:03:46.052	134.874	134.874			6
2022.08.17	11:03:46.247	134.875	134.875			6
2022.08.17	11:03:47.010	134.873	134.873			6
2022.08.17	11:03:47.121	134.871	134.871			6
2022.08.17	11:03:47.211	134.870	134.870			6
2022.08.17	11:03:47.306	134.869	134.869			6
2022.08.17	11:03:47.531	134.870	134.870			6
2022.08.17	11:03:47.759	134.871	134.871			6
2022.08.17	11:03:47.861	134.873	134.873			6
2022.08.17	11:03:47.960	134.874	134.874			6
2022.08.17	11:03:48.056	134.875	134.875			6
2022.08.17	11:03:48.381	134.876	134.876			6
2022.08.17	11:03:48.508	134.875	134.875			6
2022.08.17	11:03:48.702	134.874	134.874			6
2022.08.17	11:03:48.800	134.873	134.873			6
2022.08.17	11:03:49.857	134.875	134.875			6
2022.08.17	11:03:50.301	134.874	134.874			6
2022.08.17	11:03:50.410	134.875	134.875			6
2022.08.17	11:03:51.354	134.876	134.876			6
2022.08.17	11:03:52.006	134.875	134.875			6
2022.08.17	11:03:53.826	134.876	134.876			6
2022.08.17	11:03:53.931	134.879	134.879			6
2022.08.17	11:03:54.027	134.880	134.880			6
2022.08.17	11:03:55.525	134.878	134.878			6
2022.08.17	11:03:55.729	134.880	134.880			6
2022.08.17	11:03:56.792	134.878	134.878			6
2022.08.17	11:03:57.038	134.879	134.879			6
2022.08.17	11:03:57.139	134.875	134.875			6
2022.08.17	11:03:57.242	134.876	134.876			6
2022.08.17	11:03:57.338	134.875	134.875			6
2022.08.17	11:03:57.439	134.879	134.879			6
2022.08.17	11:03:57.636	134.880	134.880			6
2022.08.17	11:03:58.095	134.881	134.881			6
2022.08.17	11:03:58.200	134.882	134.882			6
2022.08.17	11:03:58.292	134.881	134.881			6
2022.08.17	11:03:58.497	134.882	134.882			6
2022.08.17	11:03:58.841	134.881	134.881			6
2022.08.17	11:03:59.349	134.880	134.880			6
2022.08.17	11:03:59.473	134.879	134.879			6
2022.08.17	11:03:59.702	134.878	134.878			6
2022.08.17	11:04:00.108	134.878				2
2022.08.17	11:04:00.550	134.879	134.879			6
2022.08.17	11:04:00.646	134.878	134.878			6
2022.08.17	11:04:00.748	134.879	134.879			6
2022.08.17	11:04:00.958	134.875	134.875			6
2022.08.17	11:04:01.300	134.876	134.876			6
2022.08.17	11:04:01.391	134.875	134.875			6
2022.08.17	11:04:01.612	134.874	134.874			6
2022.08.17	11:04:01.808	134.875	134.875			6
2022.08.17	11:04:01.910	134.874	134.874			6
2022.08.17	11:04:02.156	134.875	134.875			6
2022.08.17	11:04:02.252	134.874	134.874			6
2022.08.17	11:04:03.311	134.875	134.875			6
2022.08.17	11:04:03.415	134.871	134.871			6
2022.08.17	11:04:03.512	134.870	134.870			6
2022.08.17	11:04:04.166	134.871	134.871			6
2022.08.17	11:04:04.359	134.872	134.872			6
2022.08.17	11:04:05.329	134.875	134.875			6
2022.08.17	11:04:05.448	134.874	134.874			6
2022.08.17	11:04:05.572	134.872	134.872			6
2022.08.17	11:04:05.672	134.870	134.870			6
2022.08.17	11:04:08.246	134.866	134.866			6
2022.08.17	11:04:08.332	134.865	134.865			6
2022.08.17	11:04:08.530	134.864	134.864			6
2022.08.17	11:04:08.642	134.865	134.865			6
2022.08.17	11:04:08.860	134.864	134.864			6
2022.08.17	11:04:08.991	134.865	134.865			6
2022.08.17	11:04:09.181	134.864	134.864			6
2022.08.17	11:04:09.391	134.867	134.867			6
2022.08.17	11:04:09.596	134.865	134.865			6
2022.08.17	11:04:09.731	134.866	134.866			6
2022.08.17	11:04:09.837	134.865	134.865			6
2022.08.17	11:04:10.460	134.861	134.861			6
2022.08.17	11:04:10.569	134.859	134.859			6
2022.08.17	11:04:10.693	134.857	134.857			6
2022.08.17	11:04:11.089	134.858	134.858			6
2022.08.17	11:04:11.841	134.857	134.857			6
2022.08.17	11:04:12.151	134.860	134.860			6
2022.08.17	11:04:12.276	134.861	134.861			6
2022.08.17	11:04:12.395	134.862	134.862			6
2022.08.17	11:04:12.692	134.859	134.859			6
2022.08.17	11:04:13.746	134.858	134.858			6
2022.08.17	11:04:13.849	134.859	134.859			6
2022.08.17	11:04:14.105	134.862	134.862			6
2022.08.17	11:04:14.308	134.863	134.863			6
2022.08.17	11:04:14.404	134.864	134.864			6
2022.08.17	11:04:14.499	134.865	134.865			6
2022.08.17	11:04:14.604	134.864	134.864			6
2022.08.17	11:04:14.714	134.865	134.865			6
2022.08.17	11:04:17.518	134.866	134.866			6
2022.08.17	11:04:18.244	134.865	134.865			6
2022.08.17	11:04:18.368	134.864	134.864			6
2022.08.17	11:04:18.462	134.863	134.863			6
2022.08.17	11:04:18.574	134.864	134.864			6
2022.08.17	11:04:19.324	134.863	134.863			6
2022.08.17	11:04:19.455	134.864	134.864			6
2022.08.17	11:04:19.549	134.865	134.865			6
2022.08.17	11:04:19.649	134.864	134.864			6
2022.08.17	11:04:20.688	134.863	134.863			6
2022.08.17	11:04:20.813	134.865	134.865			6
2022.08.17	11:04:20.930	134.864	134.864			6
2022.08.17	11:04:21.035	134.865	134.865			6
2022.08.17	11:04:22.181	134.864	134.864			6
2022.08.17	11:04:22.282	134.866	134.866			6
2022.08.17	11:04:22.392	134.869	134.869			6
2022.08.17	11:04:22.733	134.870	134.870			6
2022.08.17	11:04:22.833	134.871	134.871			6
2022.08.17	11:04:23.035	134.872	134.872			6
2022.08.17	11:04:23.137	134.868	134.868			6
2022.08.17	11:04:23.247	134.865	134.865			6
2022.08.17	11:04:23.365	134.864	134.864			6
2022.08.17	11:04:23.487	134.863	134.863			6
2022.08.17	11:04:23.688	134.864	134.864			6
2022.08.17	11:04:23.791	134.865	134.865			6
2022.08.17	11:04:23.893	134.863	134.863			6
2022.08.17	11:04:24.099	134.862	134.862			6
2022.08.17	11:04:25.197	134.863	134.863			6
2022.08.17	11:04:25.939	134.864	134.864			6
2022.08.17	11:04:26.051	134.865	134.865			6
2022.08.17	11:04:27.221	134.864	134.864			6
2022.08.17	11:04:27.309	134.863	134.863			6
2022.08.17	11:04:27.410	134.859	134.859			6
2022.08.17	11:04:27.514	134.858	134.858			6
2022.08.17	11:04:27.761	134.857	134.857			6
2022.08.17	11:04:27.864	134.858	134.858			6
2022.08.17	11:04:28.059	134.859	134.859			6
2022.08.17	11:04:28.918	134.856	134.856			6
2022.08.17	11:04:29.115	134.855	134.855			6
2022.08.17	11:04:30.101	134.850	134.850			6
2022.08.17	11:04:30.202	134.849	134.849			6
2022.08.17	11:04:30.320	134.848	134.848			6
2022.08.17	11:04:30.522	134.849	134.849			6
2022.08.17	11:04:30.725	134.848	134.848			6
2022.08.17	11:04:30.936	134.850	134.850			6
2022.08.17	11:04:31.181	134.854	134.854			6
2022.08.17	11:04:31.274	134.855	134.855			6
2022.08.17	11:04:31.583	134.856	134.856			6
2022.08.17	11:04:31.697	134.857	134.857			6
2022.08.17	11:04:31.797	134.858	134.858			6
2022.08.17	11:04:32.035	134.859	134.859			6
2022.08.17	11:04:32.343	134.860	134.860			6
2022.08.17	11:04:32.438	134.861	134.861			6
2022.08.17	11:04:32.535	134.863	134.863			6
2022.08.17	11:04:32.887	134.864	134.864			6
2022.08.17	11:04:32.993	134.865	134.865			6
2022.08.17	11:04:33.092	134.864	134.864			6
2022.08.17	11:04:33.187	134.865	134.865			6
2022.08.17	11:04:33.499	134.866	134.866			6
2022.08.17	11:04:33.620	134.865	134.865			6
2022.08.17	11:04:33.742	134.864	134.864			6
2022.08.17	11:04:33.842	134.862	134.862			6
2022.08.17	11:04:34.042	134.863	134.863			6
2022.08.17	11:04:34.262	134.864	134.864			6
2022.08.17	11:04:34.343	134.863	134.863			6
2022.08.17	11:04:35.117	134.865	134.865			6
2022.08.17	11:04:35.197	134.863	134.863			6
2022.08.17	11:04:35.320	134.865	134.865			6
2022.08.17	11:04:35.446	134.864	134.864			6
2022.08.17	11:04:35.575	134.865	134.865			6
2022.08.17	11:04:35.680	134.864	134.864			6
2022.08.17	11:04:35.775	134.863	134.863			6
2022.08.17	11:04:35.980	134.864	134.864			6
2022.08.17	11:04:36.080	134.863	134.863			6
2022.08.17	11:04:36.180	134.864	134.864			6
2022.08.17	11:04:36.298	134.863	134.863			6
2022.08.17	11:04:37.445	134.862	134.862			6
2022.08.17	11:04:37.751	134.863	134.863			6
2022.08.17	11:04:38.971	134.865	134.865			6
2022.08.17	11:04:39.259	134.866	134.866			6
2022.08.17	11:04:39.366	134.865	134.865			6
2022.08.17	11:04:39.469	134.866	134.866			6
2022.08.17	11:04:39.590	134.865	134.865			6
2022.08.17	11:04:39.710	134.866	134.866			6
2022.08.17	11:04:39.908	134.865	134.865			6
2022.08.17	11:04:40.123	134.863	134.863			6
2022.08.17	11:04:40.967	134.858	134.858			6
2022.08.17	11:04:41.068	134.857	134.857			6
2022.08.17	11:04:41.414	134.858	134.858			6
2022.08.17	11:04:41.614	134.857	134.857			6
2022.08.17	11:04:41.720	134.859	134.859			6
2022.08.17	11:04:41.915	134.860	134.860			6
2022.08.17	11:04:42.020	134.862	134.862			6
2022.08.17	11:04:42.149	134.861	134.861			6
2022.08.17	11:04:42.374	134.860	134.860			6
2022.08.17	11:04:42.874	134.861	134.861			6
2022.08.17	11:04:43.220	134.860	134.860			6
2022.08.17	11:04:43.421	134.861	134.861			6
2022.08.17	11:04:43.622	134.860	134.860			6
2022.08.17	11:04:43.970	134.861	134.861			6
2022.08.17	11:04:44.168	134.860	134.860			6
2022.08.17	11:04:45.560	134.861	134.861			6
2022.08.17	11:04:45.688	134.858	134.858			6
2022.08.17	11:04:45.884	134.857	134.857			6
2022.08.17	11:04:45.991	134.855	134.855			6
2022.08.17	11:04:47.894	134.856	134.856			6
2022.08.17	11:04:47.996	134.857	134.857			6
2022.08.17	11:04:48.125	134.861	134.861			6
2022.08.17	11:04:48.441	134.860	134.860			6
2022.08.17	11:04:49.395	134.861	134.861			6
2022.08.17	11:04:50.249	134.869	134.869			6
2022.08.17	11:04:50.347	134.867	134.867			6
2022.08.17	11:04:50.448	134.868	134.868			6
2022.08.17	11:04:50.674	134.869	134.869			6
2022.08.17	11:04:50.798	134.870	134.870			6
2022.08.17	11:04:51.206	134.869	134.869			6
2022.08.17	11:04:51.303	134.870	134.870			6
2022.08.17	11:04:52.267	134.871	134.871			6
2022.08.17	11:04:52.388	134.872	134.872			6
2022.08.17	11:04:54.416	134.873	134.873			6
2022.08.17	11:04:54.619	134.872	134.872			6
2022.08.17	11:04:54.716	134.873	134.873			6
2022.08.17	11:04:55.069	134.874	134.874			6
2022.08.17	11:04:55.174	134.873	134.873			6
2022.08.17	11:04:55.268	134.874	134.874			6
2022.08.17	11:04:55.369	134.873	134.873			6
2022.08.17	11:04:55.799	134.872	134.872			6
2022.08.17	11:04:56.122	134.873	134.873			6
2022.08.17	11:04:56.524	134.872	134.872			6
2022.08.17	11:04:56.652	134.873	134.873			6
2022.08.17	11:04:57.635	134.874	134.874			6
2022.08.17	11:04:59.842	134.875	134.875			6
2022.08.17	11:04:59.948	134.874	134.874			6
2022.08.17	11:05:00.075	134.875	134.875			6
2022.08.17	11:05:00.296	134.873	134.873			6
2022.08.17	11:05:00.807	134.871	134.871			6
2022.08.17	11:05:00.931	134.870	134.870			6
2022.08.17	11:05:01.050	134.869	134.869			6
2022.08.17	11:05:01.248	134.870	134.870			6
2022.08.17	11:05:01.448	134.869	134.869			6
2022.08.17	11:05:01.647	134.870	134.870			6
2022.08.17	11:05:01.784	134.871	134.871			6
2022.08.17	11:05:01.898	134.870	134.870			6
2022.08.17	11:05:01.998	134.871	134.871			6
2022.08.17	11:05:02.205	134.870	134.870			6
2022.08.17	11:05:02.404	134.872	134.872			6
2022.08.17	11:05:02.510	134.871	134.871			6
2022.08.17	11:05:03.370	134.870	134.870			6
2022.08.17	11:05:03.616	134.871	134.871			6
2022.08.17	11:05:04.857	134.870	134.870			6
2022.08.17	11:05:05.317	134.871	134.871			6
2022.08.17	11:05:07.234	134.872	134.872			6
2022.08.17	11:05:07.531	134.873	134.873			6
2022.08.17	11:05:07.630	134.872	134.872			6
2022.08.17	11:05:08.287	134.867	134.867			6
2022.08.17	11:05:08.384	134.866	134.866			6
2022.08.17	11:05:08.609	134.865	134.865			6
2022.08.17	11:05:08.727	134.864	134.864			6
2022.08.17	11:05:08.834	134.865	134.865			6
2022.08.17	11:05:08.938	134.868	134.868			6
2022.08.17	11:05:09.130	134.870	134.870			6
2022.08.17	11:05:09.465	134.871	134.871			6
2022.08.17	11:05:09.589	134.872	134.872			6
2022.08.17	11:05:09.783	134.873	134.873			6
2022.08.17	11:05:09.883	134.872	134.872			6
2022.08.17	11:05:10.093	134.873	134.873			6
2022.08.17	11:05:10.321	134.874	134.874			6
2022.08.17	11:05:10.434	134.873	134.873			6
2022.08.17	11:05:10.537	134.874	134.874			6
2022.08.17	11:05:10.639	134.875	134.875			6
2022.08.17	11:05:10.743	134.873	134.873			6
2022.08.17	11:05:10.848	134.875	134.875			6
2022.08.17	11:05:12.148	134.877	134.877			6
2022.08.17	11:05:15.012	134.876	134.876			6
2022.08.17	11:05:15.111	134.877	134.877			6
2022.08.17	11:05:16.525	134.879	134.879			6
2022.08.17	11:05:16.817	134.880	134.880			6
2022.08.17	11:05:16.917	134.881	134.881			6
2022.08.17	11:05:17.031	134.878	134.878			6
2022.08.17	11:05:17.148	134.880	134.880			6
2022.08.17	11:05:17.273	134.879	134.879			6
2022.08.17	11:05:17.572	134.880	134.880			6
2022.08.17	11:05:18.222	134.883	134.883			6
2022.08.17	11:05:18.329	134.882	134.882			6
2022.08.17	11:05:18.428	134.884	134.884			6
2022.08.17	11:05:18.529	134.883	134.883			6
2022.08.17	11:05:20.337	134.879	134.879			6
2022.08.17	11:05:20.444	134.880	134.880			6
2022.08.17	11:05:20.564	134.879	134.879			6
2022.08.17	11:05:20.685	134.880	134.880			6
2022.08.17	11:05:21.091	134.879	134.879			6
2022.08.17	11:05:21.182	134.880	134.880			6
2022.08.17	11:05:24.703	134.879	134.879			6
2022.08.17	11:05:24.832	134.874	134.874			6
2022.08.17	11:05:25.243	134.875	134.875			6
2022.08.17	11:05:27.385	134.874	134.874			6
2022.08.17	11:05:27.915	134.875	134.875			6
2022.08.17	11:05:28.008	134.874	134.874			6
2022.08.17	11:05:28.242	134.873	134.873			6
2022.08.17	11:05:28.367	134.870	134.870			6
2022.08.17	11:05:28.570	134.873	134.873			6
2022.08.17	11:05:28.770	134.874	134.874			6
2022.08.17	11:05:28.973	134.873	134.873			6
2022.08.17	11:05:29.323	134.872	134.872			6
2022.08.17	11:05:29.711	134.871	134.871			6
2022.08.17	11:05:29.832	134.865	134.865			6
2022.08.17	11:05:30.072	134.864	134.864			6
2022.08.17	11:05:30.172	134.863	134.863			6
2022.08.17	11:05:30.276	134.864	134.864			6
2022.08.17	11:05:30.378	134.865	134.865			6
2022.08.17	11:05:32.076	134.864	134.864			6
2022.08.17	11:05:32.506	134.863	134.863			6
2022.08.17	11:05:32.831	134.857	134.857			6
2022.08.17	11:05:33.032	134.856	134.856			6
2022.08.17	11:05:33.788	134.855	134.855			6
2022.08.17	11:05:33.891	134.856	134.856			6
2022.08.17	11:05:34.214	134.853	134.853			6
2022.08.17	11:05:34.465	134.854	134.854			6
2022.08.17	11:05:34.573	134.856	134.856			6
2022.08.17	11:05:35.294	134.857	134.857			6
2022.08.17	11:05:35.395	134.858	134.858			6
2022.08.17	11:05:35.698	134.860	134.860			6
2022.08.17	11:05:35.926	134.861	134.861			6
2022.08.17	11:05:36.658	134.860	134.860			6
2022.08.17	11:05:37.106	134.861	134.861			6
2022.08.17	11:05:38.259	134.857	134.857			6
2022.08.17	11:05:38.485	134.856	134.856			6
2022.08.17	11:05:39.104	134.855	134.855			6
2022.08.17	11:05:39.209	134.856	134.856			6
2022.08.17	11:05:40.612	134.860	134.860			6
2022.08.17	11:05:40.812	134.861	134.861			6
2022.08.17	11:05:41.267	134.862	134.862			6
2022.08.17	11:05:41.565	134.861	134.861			6
2022.08.17	11:05:42.119	134.862	134.862			6
2022.08.17	11:05:44.054	134.863	134.863			6
2022.08.17	11:05:44.168	134.865	134.865			6
2022.08.17	11:05:44.263	134.866	134.866			6
2022.08.17	11:05:44.585	134.865	134.865			6
2022.08.17	11:05:44.693	134.866	134.866			6
2022.08.17	11:05:44.788	134.864	134.864			6
2022.08.17	11:05:45.084	134.863	134.863			6
2022.08.17	11:05:45.199	134.864	134.864			6
2022.08.17	11:05:46.049	134.862	134.862			6
2022.08.17	11:05:46.167	134.863	134.863			6
2022.08.17	11:05:46.297	134.862	134.862			6
2022.08.17	11:05:48.737	134.863	134.863			6
2022.08.17	11:05:48.867	134.861	134.861			6
2022.08.17	11:05:49.159	134.862	134.862			6
2022.08.17	11:05:49.262	134.861	134.861			6
2022.08.17	11:05:49.357	134.860	134.860			6
2022.08.17	11:05:50.016	134.861	134.861			6
2022.08.17	11:05:50.453	134.862	134.862			6
2022.08.17	11:05:50.764	134.861	134.861			6
2022.08.17	11:05:50.858	134.862	134.862			6
2022.08.17	11:05:50.964	134.861	134.861			6
2022.08.17	11:05:51.071	134.862	134.862			6
2022.08.17	11:05:53.435	134.861	134.861			6
2022.08.17	11:05:53.859	134.862	134.862			6
2022.08.17	11:05:54.088	134.853	134.853			6
2022.08.17	11:05:54.287	134.852	134.852			6
2022.08.17	11:05:54.588	134.851	134.851			6
2022.08.17	11:05:55.245	134.853	134.853			6
2022.08.17	11:05:55.343	134.854	134.854			6
2022.08.17	11:05:55.570	134.855	134.855			6
2022.08.17	11:05:55.809	134.858	134.858			6
2022.08.17	11:05:55.895	134.859	134.859			6
2022.08.17	11:05:56.100	134.860	134.860			6
2022.08.17	11:05:57.162	134.861	134.861			6
2022.08.17	11:05:57.278	134.862	134.862			6
2022.08.17	11:05:57.401	134.863	134.863			6
2022.08.17	11:05:57.803	134.864	134.864			6
2022.08.17	11:06:00.068	134.864				2
2022.08.17	11:06:00.159	134.866	134.866			6
2022.08.17	11:06:00.272	134.864	134.864			6
2022.08.17	11:06:00.366	134.865	134.865			6
2022.08.17	11:06:00.698	134.866	134.866			6
2022.08.17	11:06:01.019	134.865	134.865			6
2022.08.17	11:06:01.222	134.864	134.864			6
2022.08.17	11:06:02.928	134.865	134.865			6
2022.08.17	11:06:03.783	134.866	134.866			6
2022.08.17	11:06:04.441	134.867	134.867			6
2022.08.17	11:06:04.564	134.866	134.866			6
2022.08.17	11:06:04.665	134.867	134.867			6
2022.08.17	11:06:05.947	134.868	134.868			6
2022.08.17	11:06:06.050	134.866	134.866			6
2022.08.17	11:06:06.145	134.867	134.867			6
2022.08.17	11:06:06.246	134.866	134.866			6
2022.08.17	11:06:06.550	134.865	134.865			6
2022.08.17	11:06:06.673	134.864	134.864			6
2022.08.17	11:06:07.959	134.865	134.865			6
2022.08.17	11:06:08.507	134.863	134.863			6
2022.08.17	11:06:09.994	134.862	134.862			6
2022.08.17	11:06:10.091	134.863	134.863			6
2022.08.17	11:06:11.171	134.864	134.864			6
2022.08.17	11:06:11.264	134.863	134.863			6
2022.08.17	11:06:11.366	134.864	134.864			6
2022.08.17	11:06:11.462	134.863	134.863			6
2022.08.17	11:06:11.565	134.865	134.865			6
2022.08.17	11:06:11.664	134.866	134.866			6
2022.08.17	11:06:11.790	134.867	134.867			6
2022.08.17	11:06:12.320	134.866	134.866			6
2022.08.17	11:06:12.648	134.865	134.865			6
2022.08.17	11:06:12.972	134.864	134.864			6
2022.08.17	11:06:13.499	134.863	134.863			6
2022.08.17	11:06:13.917	134.864	134.864			6
2022.08.17	11:06:14.032	134.865	134.865			6
2022.08.17	11:06:14.358	134.864	134.864			6
2022.08.17	11:06:14.473	134.865	134.865			6
2022.08.17	11:06:14.671	134.864	134.864			6
2022.08.17	11:06:14.772	134.863	134.863			6
2022.08.17	11:06:14.875	134.864	134.864			6
2022.08.17	11:06:15.842	134.863	134.863			6
2022.08.17	11:06:16.186	134.864	134.864			6
2022.08.17	11:06:16.280	134.863	134.863			6
2022.08.17	11:06:16.387	134.864	134.864			6
2022.08.17	11:06:16.486	134.863	134.863			6
2022.08.17	11:06:16.585	134.864	134.864			6
2022.08.17	11:06:16.683	134.863	134.863			6
2022.08.17	11:06:18.624	134.865	134.865			6
2022.08.17	11:06:18.747	134.866	134.866			6
2022.08.17	11:06:18.872	134.867	134.867			6
2022.08.17	11:06:19.344	134.864	134.864			6
2022.08.17	11:06:19.475	134.860	134.860			6
2022.08.17	11:06:20.450	134.859	134.859			6
2022.08.17	11:06:21.613	134.858	134.858			6
2022.08.17	11:06:21.714	134.857	134.857			6
2022.08.17	11:06:21.813	134.856	134.856			6
2022.08.17	11:06:22.457	134.859	134.859			6
2022.08.17	11:06:22.557	134.860	134.860			6
2022.08.17	11:06:22.659	134.859	134.859			6
2022.08.17	11:06:22.763	134.860	134.860			6
2022.08.17	11:06:23.417	134.859	134.859			6
2022.08.17	11:06:23.875	134.861	134.861			6
2022.08.17	11:06:23.970	134.860	134.860			6
2022.08.17	11:06:24.162	134.859	134.859			6
2022.08.17	11:06:24.369	134.860	134.860			6
2022.08.17	11:06:26.308	134.861	134.861			6
2022.08.17	11:06:26.424	134.860	134.860			6
2022.08.17	11:06:26.526	134.861	134.861			6
2022.08.17	11:06:26.733	134.860	134.860			6
2022.08.17	11:06:26.934	134.859	134.859			6
2022.08.17	11:06:27.038	134.856	134.856			6
2022.08.17	11:06:27.157	134.857	134.857			6
2022.08.17	11:06:27.285	134.858	134.858			6
2022.08.17	11:06:27.383	134.859	134.859			6
2022.08.17	11:06:27.486	134.860	134.860			6
2022.08.17	11:06:27.685	134.859	134.859			6
2022.08.17	11:06:28.019	134.860	134.860			6
2022.08.17	11:06:28.567	134.859	134.859			6
2022.08.17	11:06:28.674	134.860	134.860			6
2022.08.17	11:06:29.189	134.859	134.859			6
2022.08.17	11:06:30.044	134.860	134.860			6
2022.08.17	11:06:31.010	134.861	134.861			6
2022.08.17	11:06:31.110	134.862	134.862			6
2022.08.17	11:06:31.310	134.860	134.860			6
2022.08.17	11:06:31.556	134.859	134.859			6
2022.08.17	11:06:31.661	134.860	134.860			6
2022.08.17	11:06:31.755	134.859	134.859			6
2022.08.17	11:06:31.960	134.860	134.860			6
2022.08.17	11:06:34.325	134.858	134.858			6
2022.08.17	11:06:34.523	134.856	134.856			6
2022.08.17	11:06:34.620	134.857	134.857			6
2022.08.17	11:06:34.858	134.856	134.856			6
2022.08.17	11:06:35.382	134.857	134.857			6
2022.08.17	11:06:36.130	134.856	134.856			6
2022.08.17	11:06:37.540	134.857	134.857			6
2022.08.17	11:06:37.737	134.858	134.858			6
2022.08.17	11:06:37.843	134.857	134.857			6
2022.08.17	11:06:39.239	134.856	134.856			6
2022.08.17	11:06:39.448	134.857	134.857			6
2022.08.17	11:06:39.556	134.848	134.848			6
2022.08.17	11:06:39.655	134.847	134.847			6
2022.08.17	11:06:39.977	134.849	134.849			6
2022.08.17	11:06:40.202	134.850	134.850			6
2022.08.17	11:06:40.497	134.851	134.851			6
2022.08.17	11:06:42.535	134.850	134.850			6
2022.08.17	11:06:43.159	134.849	134.849			6
2022.08.17	11:06:43.266	134.850	134.850			6
2022.08.17	11:06:43.396	134.851	134.851			6
2022.08.17	11:06:43.611	134.852	134.852			6
2022.08.17	11:06:44.571	134.853	134.853			6
2022.08.17	11:06:45.328	134.855	134.855			6
2022.08.17	11:06:46.075	134.856	134.856			6
2022.08.17	11:06:46.171	134.855	134.855			6
2022.08.17	11:06:46.919	134.856	134.856			6
2022.08.17	11:06:47.876	134.857	134.857			6
2022.08.17	11:06:48.079	134.858	134.858			6
2022.08.17	11:06:48.507	134.857	134.857			6
2022.08.17	11:06:48.836	134.855	134.855			6
2022.08.17	11:06:49.681	134.856	134.856			6
2022.08.17	11:06:51.297	134.852	134.852			6
2022.08.17	11:06:51.398	134.851	134.851			6
2022.08.17	11:06:51.506	134.848	134.848			6
2022.08.17	11:06:51.693	134.849	134.849			6
2022.08.17	11:06:51.801	134.848	134.848			6
2022.08.17	11:06:51.929	134.849	134.849			6
2022.08.17	11:06:52.246	134.848	134.848			6
2022.08.17	11:06:52.652	134.849	134.849			6
2022.08.17	11:06:52.776	134.852	134.852			6
2022.08.17	11:06:52.903	134.853	134.853			6
2022.08.17	11:06:53.001	134.854	134.854			6
2022.08.17	11:06:53.205	134.855	134.855			6
2022.08.17	11:06:53.303	134.854	134.854			6
2022.08.17	11:06:53.632	134.855	134.855			6
2022.08.17	11:06:53.754	134.854	134.854			6
2022.08.17	11:06:54.059	134.853	134.853			6
2022.08.17	11:06:54.613	134.855	134.855			6
2022.08.17	11:06:55.113	134.856	134.856			6
2022.08.17	11:06:55.568	134.858	134.858			6
2022.08.17	11:06:55.867	134.857	134.857			6
2022.08.17	11:06:59.184	134.856	134.856			6
2022.08.17	11:07:00.341	134.856				2
2022.08.17	11:07:01.002	134.857	134.857			6
2022.08.17	11:07:01.331	134.861	134.861			6
2022.08.17	11:07:01.473	134.860	134.860			6
2022.08.17	11:07:01.543	134.863	134.863			6
2022.08.17	11:07:03.156	134.865	134.865			6
2022.08.17	11:07:03.250	134.867	134.867			6
2022.08.17	11:07:04.112	134.870	134.870			6
2022.08.17	11:07:04.220	134.871	134.871			6
2022.08.17	11:07:04.318	134.872	134.872			6
2022.08.17	11:07:04.411	134.873	134.873			6
2022.08.17	11:07:05.081	134.871	134.871			6
2022.08.17	11:07:07.426	134.879	134.879			6
2022.08.17	11:07:07.628	134.880	134.880			6
2022.08.17	11:07:08.032	134.881	134.881			6
2022.08.17	11:07:08.149	134.882	134.882			6
2022.08.17	11:07:08.678	134.880	134.880			6
2022.08.17	11:07:08.879	134.879	134.879			6
2022.08.17	11:07:09.002	134.880	134.880			6
2022.08.17	11:07:10.488	134.878	134.878			6
2022.08.17	11:07:10.588	134.875	134.875			6
2022.08.17	11:07:10.718	134.873	134.873			6
2022.08.17	11:07:10.833	134.874	134.874			6
2022.08.17	11:07:11.037	134.873	134.873			6
2022.08.17	11:07:11.230	134.874	134.874			6
2022.08.17	11:07:11.565	134.876	134.876			6
2022.08.17	11:07:11.692	134.877	134.877			6
2022.08.17	11:07:14.029	134.879	134.879			6
2022.08.17	11:07:14.255	134.880	134.880			6
2022.08.17	11:07:14.354	134.879	134.879			6
2022.08.17	11:07:16.268	134.881	134.881			6
2022.08.17	11:07:16.411	134.885	134.885			6
2022.08.17	11:07:16.604	134.886	134.886			6
2022.08.17	11:07:16.717	134.889	134.889			6
2022.08.17	11:07:16.717	134.892	134.892			6
2022.08.17	11:07:16.812	134.893	134.893			6
2022.08.17	11:07:17.544	134.894	134.894			6
2022.08.17	11:07:19.135	134.893	134.893			6
2022.08.17	11:07:19.256	134.892	134.892			6
2022.08.17	11:07:19.679	134.893	134.893			6
2022.08.17	11:07:22.242	134.892	134.892			6
2022.08.17	11:07:22.544	134.891	134.891			6
2022.08.17	11:07:23.943	134.892	134.892			6
2022.08.17	11:07:25.465	134.893	134.893			6
2022.08.17	11:07:25.561	134.892	134.892			6
2022.08.17	11:07:25.659	134.894	134.894			6
2022.08.17	11:07:25.757	134.895	134.895			6
2022.08.17	11:07:25.860	134.893	134.893			6
2022.08.17	11:07:25.970	134.892	134.892			6
2022.08.17	11:07:26.216	134.891	134.891			6
2022.08.17	11:07:26.312	134.893	134.893			6
2022.08.17	11:07:26.716	134.892	134.892			6
2022.08.17	11:07:26.947	134.891	134.891			6
2022.08.17	11:07:27.061	134.892	134.892			6
2022.08.17	11:07:27.259	134.893	134.893			6
2022.08.17	11:07:27.456	134.892	134.892			6
2022.08.17	11:07:27.797	134.893	134.893			6
2022.08.17	11:07:27.918	134.890	134.890			6
2022.08.17	11:07:28.013	134.891	134.891			6
2022.08.17	11:07:28.107	134.892	134.892			6
2022.08.17	11:07:29.275	134.891	134.891			6
2022.08.17	11:07:29.623	134.892	134.892			6
2022.08.17	11:07:30.122	134.894	134.894			6
2022.08.17	11:07:31.209	134.893	134.893			6
2022.08.17	11:07:31.429	134.894	134.894			6
2022.08.17	11:07:32.291	134.895	134.895			6
2022.08.17	11:07:32.391	134.896	134.896			6
2022.08.17	11:07:32.485	134.895	134.895			6
2022.08.17	11:07:33.032	134.894	134.894			6
2022.08.17	11:07:33.340	134.895	134.895			6
2022.08.17	11:07:33.440	134.894	134.894			6
2022.08.17	11:07:33.541	134.895	134.895			6
2022.08.17	11:07:33.771	134.896	134.896			6
2022.08.17	11:07:33.997	134.897	134.897			6
2022.08.17	11:07:34.290	134.898	134.898			6
2022.08.17	11:07:34.504	134.900	134.900			6
2022.08.17	11:07:34.622	134.899	134.899			6
2022.08.17	11:07:34.854	134.905	134.905			6
2022.08.17	11:07:34.946	134.907	134.907			6
2022.08.17	11:07:35.041	134.908	134.908			6
2022.08.17	11:07:35.154	134.907	134.907			6
2022.08.17	11:07:35.249	134.908	134.908			6
2022.08.17	11:07:35.351	134.907	134.907			6
2022.08.17	11:07:35.602	134.908	134.908			6
2022.08.17	11:07:35.934	134.909	134.909			6
2022.08.17	11:07:36.029	134.910	134.910			6
2022.08.17	11:07:36.134	134.909	134.909			6
2022.08.17	11:07:36.231	134.907	134.907			6
2022.08.17	11:07:36.384	134.908	134.908			6
2022.08.17	11:07:36.457	134.907	134.907			6
2022.08.17	11:07:36.564	134.908	134.908			6
2022.08.17	11:07:36.755	134.907	134.907			6
2022.08.17	11:07:37.305	134.908	134.908			6
2022.08.17	11:07:37.406	134.907	134.907			6
2022.08.17	11:07:37.613	134.906	134.906			6
2022.08.17	11:07:37.910	134.905	134.905			6
2022.08.17	11:07:38.038	134.906	134.906			6
2022.08.17	11:07:38.168	134.907	134.907			6
2022.08.17	11:07:38.264	134.906	134.906			6
2022.08.17	11:07:38.372	134.907	134.907			6
2022.08.17	11:07:38.902	134.906	134.906			6
2022.08.17	11:07:39.525	134.903	134.903			6
2022.08.17	11:07:39.627	134.906	134.906			6
2022.08.17	11:07:39.762	134.905	134.905			6
2022.08.17	11:07:39.873	134.907	134.907			6
2022.08.17	11:07:40.275	134.910	134.910			6
2022.08.17	11:07:40.374	134.908	134.908			6
2022.08.17	11:07:40.480	134.907	134.907			6
2022.08.17	11:07:40.615	134.908	134.908			6
2022.08.17	11:07:41.131	134.907	134.907			6
2022.08.17	11:07:41.224	134.908	134.908			6
2022.08.17	11:07:41.340	134.907	134.907			6
2022.08.17	11:07:41.465	134.908	134.908			6
2022.08.17	11:07:42.316	134.906	134.906			6
2022.08.17	11:07:42.438	134.908	134.908			6
2022.08.17	11:07:43.074	134.906	134.906			6
2022.08.17	11:07:43.176	134.907	134.907			6
2022.08.17	11:07:43.297	134.908	134.908			6
2022.08.17	11:07:43.400	134.907	134.907			6
2022.08.17	11:07:43.498	134.906	134.906			6
2022.08.17	11:07:43.593	134.907	134.907			6
2022.08.17	11:07:43.693	134.906	134.906			6
2022.08.17	11:07:44.037	134.905	134.905			6
2022.08.17	11:07:44.151	134.903	134.903			6
2022.08.17	11:07:44.445	134.902	134.902			6
2022.08.17	11:07:45.200	134.903	134.903			6
2022.08.17	11:07:45.509	134.901	134.901			6
2022.08.17	11:07:45.613	134.902	134.902			6
2022.08.17	11:07:46.387	134.903	134.903			6
2022.08.17	11:07:46.464	134.900	134.900			6
2022.08.17	11:07:46.915	134.894	134.894			6
2022.08.17	11:07:47.119	134.890	134.890			6
2022.08.17	11:07:48.167	134.889	134.889			6
2022.08.17	11:07:48.297	134.890	134.890			6
2022.08.17	11:07:48.514	134.891	134.891			6
2022.08.17	11:07:48.823	134.890	134.890			6
2022.08.17	11:07:48.917	134.892	134.892			6
2022.08.17	11:07:49.149	134.891	134.891			6
2022.08.17	11:07:49.481	134.890	134.890			6
2022.08.17	11:07:49.684	134.891	134.891			6
2022.08.17	11:07:49.779	134.890	134.890			6
2022.08.17	11:07:50.128	134.894	134.894			6
2022.08.17	11:07:50.331	134.895	134.895			6
2022.08.17	11:07:50.631	134.894	134.894			6
2022.08.17	11:07:50.858	134.895	134.895			6
2022.08.17	11:07:50.983	134.894	134.894			6
2022.08.17	11:07:51.178	134.895	134.895			6
2022.08.17	11:07:51.841	134.894	134.894			6
2022.08.17	11:07:51.940	134.893	134.893			6
2022.08.17	11:07:52.042	134.892	134.892			6
2022.08.17	11:07:52.137	134.893	134.893			6
2022.08.17	11:07:53.095	134.892	134.892			6
2022.08.17	11:07:53.202	134.890	134.890			6
2022.08.17	11:07:53.304	134.889	134.889			6
2022.08.17	11:07:53.435	134.890	134.890			6
2022.08.17	11:07:53.655	134.889	134.889			6
2022.08.17	11:07:53.753	134.890	134.890			6
2022.08.17	11:07:53.852	134.889	134.889			6
2022.08.17	11:07:54.513	134.891	134.891			6
2022.08.17	11:07:54.611	134.892	134.892			6
2022.08.17	11:07:54.707	134.891	134.891			6
2022.08.17	11:07:54.910	134.892	134.892			6
2022.08.17	11:07:55.011	134.890	134.890			6
2022.08.17	11:07:55.136	134.891	134.891			6
2022.08.17	11:07:55.360	134.892	134.892			6
2022.08.17	11:07:56.110	134.891	134.891			6
2022.08.17	11:07:56.310	134.890	134.890			6
2022.08.17	11:07:56.612	134.889	134.889			6
2022.08.17	11:07:56.843	134.887	134.887			6
2022.08.17	11:07:57.473	134.886	134.886			6
2022.08.17	11:07:57.572	134.885	134.885			6
2022.08.17	11:07:57.694	134.887	134.887			6
2022.08.17	11:07:57.822	134.889	134.889			6
2022.08.17	11:07:58.018	134.891	134.891			6
2022.08.17	11:07:58.118	134.890	134.890			6
2022.08.17	11:07:58.313	134.891	134.891			6
2022.08.17	11:07:58.426	134.890	134.890			6
2022.08.17	11:07:58.555	134.893	134.893			6
2022.08.17	11:07:58.671	134.894	134.894			6
2022.08.17	11:07:58.770	134.895	134.895			6
2022.08.17	11:07:58.968	134.896	134.896			6
2022.08.17	11:07:59.079	134.895	134.895			6
2022.08.17	11:07:59.410	134.897	134.897			6
2022.08.17	11:07:59.622	134.896	134.896			6
2022.08.17	11:07:59.733	134.895	134.895			6
2022.08.17	11:07:59.828	134.896	134.896			6
2022.08.17	11:08:00.028	134.895	134.895			6
2022.08.17	11:08:00.122	134.896	134.896			6
2022.08.17	11:08:00.676	134.895	134.895			6
2022.08.17	11:08:00.783	134.896	134.896			6
2022.08.17	11:08:00.974	134.895	134.895			6
2022.08.17	11:08:01.953	134.896	134.896			6
2022.08.17	11:08:02.180	134.895	134.895			6
2022.08.17	11:08:02.482	134.896	134.896			6
2022.08.17	11:08:02.689	134.895	134.895			6
2022.08.17	11:08:02.930	134.894	134.894			6
2022.08.17	11:08:03.029	134.895	134.895			6
2022.08.17	11:08:03.224	134.894	134.894			6
2022.08.17	11:08:03.430	134.893	134.893			6
2022.08.17	11:08:03.657	134.894	134.894			6
2022.08.17	11:08:03.993	134.895	134.895			6
2022.08.17	11:08:04.393	134.896	134.896			6
2022.08.17	11:08:04.522	134.895	134.895			6
2022.08.17	11:08:04.645	134.896	134.896			6
2022.08.17	11:08:05.277	134.895	134.895			6
2022.08.17	11:08:05.588	134.896	134.896			6
2022.08.17	11:08:05.792	134.895	134.895			6
2022.08.17	11:08:06.098	134.896	134.896			6
2022.08.17	11:08:06.385	134.895	134.895			6
2022.08.17	11:08:06.442	134.896	134.896			6
2022.08.17	11:08:06.639	134.895	134.895			6
2022.08.17	11:08:07.602	134.896	134.896			6
2022.08.17	11:08:07.933	134.895	134.895			6
2022.08.17	11:08:08.059	134.896	134.896			6
2022.08.17	11:08:08.262	134.894	134.894			6
2022.08.17	11:08:08.357	134.895	134.895			6
2022.08.17	11:08:08.662	134.892	134.892			6
2022.08.17	11:08:08.909	134.890	134.890			6
2022.08.17	11:08:09.007	134.889	134.889			6
2022.08.17	11:08:09.114	134.888	134.888			6
2022.08.17	11:08:09.215	134.887	134.887			6
2022.08.17	11:08:09.311	134.885	134.885			6
2022.08.17	11:08:09.413	134.886	134.886			6
2022.08.17	11:08:09.644	134.883	134.883			6
2022.08.17	11:08:09.959	134.884	134.884			6
2022.08.17	11:08:10.159	134.883	134.883			6
2022.08.17	11:08:10.259	134.884	134.884			6
2022.08.17	11:08:10.498	134.883	134.883			6
2022.08.17	11:08:10.617	134.884	134.884			6
2022.08.17	11:08:11.667	134.883	134.883			6
2022.08.17	11:08:11.965	134.882	134.882			6
2022.08.17	11:08:12.197	134.883	134.883			6
2022.08.17	11:08:12.440	134.884	134.884			6
2022.08.17	11:08:12.533	134.881	134.881			6
2022.08.17	11:08:13.382	134.880	134.880			6
2022.08.17	11:08:13.487	134.881	134.881			6
2022.08.17	11:08:13.596	134.874	134.874			6
2022.08.17	11:08:13.688	134.871	134.871			6
2022.08.17	11:08:13.797	134.865	134.865			6
2022.08.17	11:08:13.924	134.867	134.867			6
2022.08.17	11:08:14.044	134.866	134.866			6
2022.08.17	11:08:14.140	134.865	134.865			6
2022.08.17	11:08:14.537	134.868	134.868			6
2022.08.17	11:08:14.648	134.869	134.869			6
2022.08.17	11:08:14.899	134.866	134.866			6
2022.08.17	11:08:15.003	134.867	134.867			6
2022.08.17	11:08:15.199	134.866	134.866			6
2022.08.17	11:08:15.400	134.868	134.868			6
2022.08.17	11:08:15.501	134.867	134.867			6
2022.08.17	11:08:15.946	134.868	134.868			6
2022.08.17	11:08:16.606	134.875	134.875			6
2022.08.17	11:08:16.903	134.876	134.876			6
2022.08.17	11:08:17.204	134.875	134.875			6
2022.08.17	11:08:17.335	134.876	134.876			6
2022.08.17	11:08:17.461	134.875	134.875			6
2022.08.17	11:08:18.315	134.871	134.871			6
2022.08.17	11:08:18.813	134.872	134.872			6
2022.08.17	11:08:18.919	134.871	134.871			6
2022.08.17	11:08:19.042	134.873	134.873			6
2022.08.17	11:08:19.168	134.872	134.872			6
2022.08.17	11:08:19.260	134.873	134.873			6
2022.08.17	11:08:19.368	134.872	134.872			6
2022.08.17	11:08:19.563	134.873	134.873			6
2022.08.17	11:08:19.666	134.874	134.874			6
2022.08.17	11:08:19.769	134.875	134.875			6
2022.08.17	11:08:20.420	134.874	134.874			6
2022.08.17	11:08:20.639	134.868	134.868			6
2022.08.17	11:08:20.753	134.867	134.867			6
2022.08.17	11:08:20.877	134.862	134.862			6
2022.08.17	11:08:21.073	134.865	134.865			6
2022.08.17	11:08:21.273	134.866	134.866			6
2022.08.17	11:08:21.384	134.865	134.865			6
2022.08.17	11:08:21.517	134.866	134.866			6
2022.08.17	11:08:21.596	134.865	134.865			6
2022.08.17	11:08:21.927	134.869	134.869			6
2022.08.17	11:08:22.124	134.871	134.871			6
2022.08.17	11:08:22.226	134.870	134.870			6
2022.08.17	11:08:22.331	134.868	134.868			6
2022.08.17	11:08:22.458	134.865	134.865			6
2022.08.17	11:08:22.577	134.866	134.866			6
2022.08.17	11:08:22.670	134.865	134.865			6
2022.08.17	11:08:22.795	134.866	134.866			6
2022.08.17	11:08:22.883	134.862	134.862			6
2022.08.17	11:08:22.981	134.864	134.864			6
2022.08.17	11:08:23.082	134.863	134.863			6
2022.08.17	11:08:23.186	134.864	134.864			6
2022.08.17	11:08:23.310	134.863	134.863			6
2022.08.17	11:08:23.834	134.862	134.862			6
2022.08.17	11:08:24.040	134.863	134.863			6
2022.08.17	11:08:25.749	134.862	134.862			6
2022.08.17	11:08:25.870	134.861	134.861			6
2022.08.17	11:08:26.090	134.862	134.862			6
2022.08.17	11:08:27.387	134.861	134.861			6
2022.08.17	11:08:27.478	134.860	134.860			6
2022.08.17	11:08:27.585	134.859	134.859			6
2022.08.17	11:08:27.804	134.857	134.857			6
2022.08.17	11:08:28.001	134.856	134.856			6
2022.08.17	11:08:29.604	134.855	134.855			6
2022.08.17	11:08:29.803	134.856	134.856			6
2022.08.17	11:08:30.363	134.855	134.855			6
2022.08.17	11:08:30.455	134.856	134.856			6
2022.08.17	11:08:31.113	134.855	134.855			6
2022.08.17	11:08:31.524	134.856	134.856			6
2022.08.17	11:08:31.619	134.854	134.854			6
2022.08.17	11:08:31.726	134.853	134.853			6
2022.08.17	11:08:31.850	134.849	134.849			6
2022.08.17	11:08:32.174	134.851	134.851			6
2022.08.17	11:08:32.268	134.850	134.850			6
2022.08.17	11:08:32.364	134.851	134.851			6
2022.08.17	11:08:32.697	134.852	134.852			6
2022.08.17	11:08:32.819	134.851	134.851			6
2022.08.17	11:08:32.915	134.852	134.852			6
2022.08.17	11:08:33.230	134.851	134.851			6
2022.08.17	11:08:34.074	134.854	134.854			6
2022.08.17	11:08:34.168	134.853	134.853			6
2022.08.17	11:08:34.274	134.854	134.854			6
2022.08.17	11:08:34.403	134.853	134.853			6
2022.08.17	11:08:34.635	134.852	134.852			6
2022.08.17	11:08:34.725	134.853	134.853			6
2022.08.17	11:08:34.930	134.852	134.852			6
2022.08.17	11:08:35.026	134.854	134.854			6
2022.08.17	11:08:35.136	134.852	134.852			6
2022.08.17	11:08:35.385	134.853	134.853			6
2022.08.17	11:08:36.382	134.860	134.860			6
2022.08.17	11:08:36.457	134.859	134.859			6
2022.08.17	11:08:36.571	134.862	134.862			6
2022.08.17	11:08:36.666	134.861	134.861			6
2022.08.17	11:08:36.868	134.860	134.860			6
2022.08.17	11:08:37.093	134.861	134.861			6
2022.08.17	11:08:37.191	134.860	134.860			6
2022.08.17	11:08:37.299	134.858	134.858			6
2022.08.17	11:08:37.502	134.857	134.857			6
2022.08.17	11:08:37.598	134.856	134.856			6
2022.08.17	11:08:37.700	134.857	134.857			6
2022.08.17	11:08:37.817	134.856	134.856			6
2022.08.17	11:08:37.945	134.857	134.857			6
2022.08.17	11:08:39.752	134.856	134.856			6
2022.08.17	11:08:41.109	134.854	134.854			6
2022.08.17	11:08:41.238	134.853	134.853			6
2022.08.17	11:08:41.362	134.854	134.854			6
2022.08.17	11:08:41.656	134.853	134.853			6
2022.08.17	11:08:41.761	134.854	134.854			6
2022.08.17	11:08:42.097	134.855	134.855			6
2022.08.17	11:08:42.219	134.856	134.856			6
2022.08.17	11:08:42.413	134.855	134.855			6
2022.08.17	11:08:42.513	134.857	134.857			6
2022.08.17	11:08:42.613	134.856	134.856			6
2022.08.17	11:08:42.712	134.852	134.858			6
2022.08.17	11:08:42.815	134.854	134.854			6
2022.08.17	11:08:43.066	134.855	134.855			6
2022.08.17	11:08:44.224	134.852	134.852			6
2022.08.17	11:08:44.430	134.854	134.854			6
2022.08.17	11:08:44.533	134.853	134.853			6
2022.08.17	11:08:44.655	134.851	134.851			6
2022.08.17	11:08:44.884	134.850	134.850			6
2022.08.17	11:08:45.086	134.849	134.849			6
2022.08.17	11:08:45.186	134.850	134.850			6
2022.08.17	11:08:45.385	134.849	134.849			6
2022.08.17	11:08:45.631	134.850	134.850			6
2022.08.17	11:08:45.730	134.851	134.851			6
2022.08.17	11:08:46.037	134.850	134.850			6
2022.08.17	11:08:46.249	134.848	134.848			6
2022.08.17	11:08:46.690	134.847	134.847			6
2022.08.17	11:08:46.795	134.846	134.846			6
2022.08.17	11:08:46.892	134.847	134.847			6
2022.08.17	11:08:46.991	134.848	134.848			6
2022.08.17	11:08:47.096	134.851	134.851			6
2022.08.17	11:08:47.222	134.852	134.852			6
2022.08.17	11:08:47.353	134.853	134.853			6
2022.08.17	11:08:47.651	134.854	134.854			6
2022.08.17	11:08:47.844	134.853	134.853			6
2022.08.17	11:08:48.702	134.852	134.852			6
2022.08.17	11:08:48.807	134.853	134.853			6
2022.08.17	11:08:48.929	134.854	134.854			6
2022.08.17	11:08:49.051	134.853	134.853			6
2022.08.17	11:08:49.149	134.854	134.854			6
2022.08.17	11:08:49.546	134.856	134.856			6
2022.08.17	11:08:49.660	134.860	134.860			6
2022.08.17	11:08:49.784	134.859	134.859			6
2022.08.17	11:08:50.003	134.857	134.857			6
2022.08.17	11:08:50.411	134.855	134.855			6
2022.08.17	11:08:50.509	134.854	134.854			6
2022.08.17	11:08:51.063	134.851	134.851			6
2022.08.17	11:08:51.267	134.852	134.852			6
2022.08.17	11:08:51.493	134.853	134.853			6
2022.08.17	11:08:51.721	134.854	134.854			6
2022.08.17	11:08:51.822	134.855	134.855			6
2022.08.17	11:08:52.019	134.856	134.856			6
2022.08.17	11:08:52.117	134.855	134.855			6
2022.08.17	11:08:52.971	134.856	134.856			6
2022.08.17	11:08:53.081	134.860	134.860			6
2022.08.17	11:08:53.201	134.861	134.861			6
2022.08.17	11:08:53.419	134.860	134.860			6
2022.08.17	11:08:53.623	134.861	134.861			6
2022.08.17	11:08:53.726	134.860	134.860			6
2022.08.17	11:08:53.828	134.864	134.864			6
2022.08.17	11:08:53.929	134.862	134.862			6
2022.08.17	11:08:54.055	134.861	134.861			6
2022.08.17	11:08:54.280	134.860	134.860			6
2022.08.17	11:08:54.389	134.861	134.861			6
2022.08.17	11:08:54.583	134.862	134.862			6
2022.08.17	11:08:54.680	134.861	134.861			6
2022.08.17	11:08:55.133	134.860	134.860			6
2022.08.17	11:08:56.084	134.861	134.861			6
2022.08.17	11:08:56.193	134.860	134.860			6
2022.08.17	11:08:56.399	134.861	134.861			6
2022.08.17	11:08:56.494	134.860	134.860			6
2022.08.17	11:08:56.621	134.864	134.864			6
2022.08.17	11:08:56.737	134.863	134.863			6
2022.08.17	11:08:56.839	134.861	134.861			6
2022.08.17	11:08:57.138	134.860	134.860			6
2022.08.17	11:08:57.268	134.861	134.861			6
2022.08.17	11:08:57.465	134.860	134.860			6
2022.08.17	11:08:57.593	134.861	134.861			6
2022.08.17	11:08:57.897	134.864	134.864			6
2022.08.17	11:08:58.104	134.862	134.862			6
2022.08.17	11:08:58.328	134.860	134.860			6
2022.08.17	11:08:58.449	134.861	134.861			6
2022.08.17	11:08:58.548	134.860	134.860			6
2022.08.17	11:08:58.648	134.861	134.861			6
2022.08.17	11:08:58.856	134.860	134.860			6
2022.08.17	11:08:58.952	134.861	134.861			6
2022.08.17	11:08:59.177	134.860	134.860			6
2022.08.17	11:08:59.302	134.861	134.861			6
2022.08.17	11:08:59.401	134.860	134.860			6
2022.08.17	11:08:59.501	134.861	134.861			6
2022.08.17	11:08:59.913	134.860	134.860			6
2022.08.17	11:09:00.040	134.862	134.862			6
2022.08.17	11:09:00.259	134.863	134.863			6
2022.08.17	11:09:00.368	134.861	134.861			6
2022.08.17	11:09:00.461	134.860	134.860			6
2022.08.17	11:09:00.558	134.861	134.861			6
2022.08.17	11:09:00.767	134.860	134.860			6
2022.08.17	11:09:00.890	134.861	134.861			6
2022.08.17	11:09:01.010	134.860	134.860			6
2022.08.17	11:09:01.113	134.861	134.861			6
2022.08.17	11:09:01.214	134.860	134.860			6
2022.08.17	11:09:01.316	134.861	134.861			6
2022.08.17	11:09:01.415	134.860	134.860			6
2022.08.17	11:09:01.633	134.861	134.861			6
2022.08.17	11:09:01.750	134.860	134.860			6
2022.08.17	11:09:01.877	134.861	134.861			6
2022.08.17	11:09:01.977	134.860	134.860			6
2022.08.17	11:09:02.070	134.861	134.861			6
2022.08.17	11:09:02.165	134.860	134.860			6
2022.08.17	11:09:02.366	134.861	134.861			6
2022.08.17	11:09:02.822	134.862	134.862			6
2022.08.17	11:09:02.919	134.861	134.861			6
2022.08.17	11:09:03.127	134.862	134.862			6
2022.08.17	11:09:03.456	134.865	134.865			6
2022.08.17	11:09:03.676	134.866	134.866			6
2022.08.17	11:09:03.786	134.864	134.864			6
2022.08.17	11:09:03.882	134.862	134.862			6
2022.08.17	11:09:03.985	134.861	134.861			6
2022.08.17	11:09:04.078	134.864	134.864			6
2022.08.17	11:09:04.183	134.866	134.866			6
2022.08.17	11:09:04.303	134.865	134.865			6
2022.08.17	11:09:04.431	134.862	134.862			6
2022.08.17	11:09:04.621	134.863	134.863			6
2022.08.17	11:09:04.723	134.861	134.861			6
2022.08.17	11:09:04.825	134.862	134.862			6
2022.08.17	11:09:05.033	134.863	134.863			6
2022.08.17	11:09:05.381	134.862	134.862			6
2022.08.17	11:09:05.475	134.863	134.863			6
2022.08.17	11:09:05.684	134.867	134.867			6
2022.08.17	11:09:05.778	134.865	134.865			6
2022.08.17	11:09:05.884	134.868	134.868			6
2022.08.17	11:09:06.012	134.867	134.867			6
2022.08.17	11:09:06.380	134.869	134.869			6
2022.08.17	11:09:06.442	134.868	134.868			6
2022.08.17	11:09:06.542	134.869	134.869			6
2022.08.17	11:09:06.638	134.870	134.870			6
2022.08.17	11:09:06.995	134.869	134.869			6
2022.08.17	11:09:07.117	134.868	134.868			6
2022.08.17	11:09:07.206	134.867	134.867			6
2022.08.17	11:09:07.305	134.869	134.869			6
2022.08.17	11:09:07.387	134.868	134.868			6
2022.08.17	11:09:07.495	134.869	134.869			6
2022.08.17	11:09:07.593	134.867	134.867			6
2022.08.17	11:09:07.721	134.868	134.868			6
2022.08.17	11:09:07.846	134.867	134.867			6
2022.08.17	11:09:07.957	134.870	134.870			6
2022.08.17	11:09:08.052	134.869	134.869			6
2022.08.17	11:09:08.146	134.874	134.874			6
2022.08.17	11:09:08.346	134.873	134.873			6
2022.08.17	11:09:08.450	134.874	134.874			6
2022.08.17	11:09:08.585	134.877	134.877			6
2022.08.17	11:09:08.699	134.878	134.878			6
2022.08.17	11:09:09.104	134.879	134.879			6
2022.08.17	11:09:09.315	134.875	134.875			6
2022.08.17	11:09:09.433	134.876	134.876			6
2022.08.17	11:09:09.573	134.878	134.878			6
2022.08.17	11:09:09.657	134.879	134.879			6
2022.08.17	11:09:09.752	134.877	134.877			6
2022.08.17	11:09:09.958	134.878	134.878			6
2022.08.17	11:09:11.459	134.879	134.879			6
2022.08.17	11:09:11.561	134.878	134.878			6
2022.08.17	11:09:11.756	134.879	134.879			6
2022.08.17	11:09:11.987	134.878	134.878			6
2022.08.17	11:09:12.212	134.877	134.877			6
2022.08.17	11:09:12.313	134.876	134.876			6
2022.08.17	11:09:12.419	134.877	134.877			6
2022.08.17	11:09:12.511	134.875	134.875			6
2022.08.17	11:09:12.724	134.876	134.876			6
2022.08.17	11:09:12.850	134.873	134.873			6
2022.08.17	11:09:12.969	134.874	134.874			6
2022.08.17	11:09:13.074	134.875	134.875			6
2022.08.17	11:09:13.168	134.874	134.874			6
2022.08.17	11:09:13.365	134.873	134.873			6
2022.08.17	11:09:13.474	134.875	134.875			6
2022.08.17	11:09:13.574	134.874	134.874			6
2022.08.17	11:09:13.697	134.873	134.873			6
2022.08.17	11:09:14.022	134.871	134.871			6
2022.08.17	11:09:14.130	134.874	134.874			6
2022.08.17	11:09:14.233	134.873	134.873			6
2022.08.17	11:09:14.441	134.872	134.872			6
2022.08.17	11:09:14.557	134.871	134.871			6
2022.08.17	11:09:14.869	134.870	134.870			6
2022.08.17	11:09:15.408	134.866	134.866			6
2022.08.17	11:09:15.521	134.865	134.865			6
2022.08.17	11:09:15.628	134.863	134.863			6
2022.08.17	11:09:15.830	134.862	134.862			6
2022.08.17	11:09:15.926	134.863	134.863			6
2022.08.17	11:09:16.253	134.861	134.861			6
2022.08.17	11:09:16.385	134.862	134.862			6
2022.08.17	11:09:16.478	134.861	134.861			6
2022.08.17	11:09:16.682	134.862	134.862			6
2022.08.17	11:09:16.776	134.861	134.861			6
2022.08.17	11:09:17.108	134.862	134.862			6
2022.08.17	11:09:17.230	134.860	134.860			6
2022.08.17	11:09:17.331	134.861	134.861			6
2022.08.17	11:09:17.430	134.862	134.862			6
2022.08.17	11:09:17.525	134.861	134.861			6
2022.08.17	11:09:17.628	134.862	134.862			6
2022.08.17	11:09:17.959	134.861	134.861			6
2022.08.17	11:09:18.813	134.862	134.862			6
2022.08.17	11:09:19.240	134.861	134.861			6
2022.08.17	11:09:19.344	134.858	134.858			6
2022.08.17	11:09:19.443	134.855	134.855			6
2022.08.17	11:09:19.546	134.854	134.854			6
2022.08.17	11:09:19.670	134.853	134.853			6
2022.08.17	11:09:19.795	134.855	134.855			6
2022.08.17	11:09:19.888	134.856	134.856			6
2022.08.17	11:09:19.995	134.855	134.855			6
2022.08.17	11:09:20.097	134.856	134.856			6
2022.08.17	11:09:20.190	134.855	134.855			6
2022.08.17	11:09:20.297	134.854	134.854			6
2022.08.17	11:09:20.400	134.856	134.856			6
2022.08.17	11:09:20.529	134.855	134.855			6
2022.08.17	11:09:20.649	134.856	134.856			6
2022.08.17	11:09:20.745	134.857	134.857			6
2022.08.17	11:09:20.846	134.858	134.858			6
2022.08.17	11:09:20.950	134.856	134.856			6
2022.08.17	11:09:21.044	134.857	134.857			6
2022.08.17	11:09:23.503	134.858	134.858			6
2022.08.17	11:09:23.606	134.857	134.857			6
2022.08.17	11:09:23.705	134.858	134.858			6
2022.08.17	11:09:23.811	134.857	134.857			6
2022.08.17	11:09:24.158	134.856	134.856			6
2022.08.17	11:09:24.264	134.857	134.857			6
2022.08.17	11:09:24.562	134.855	134.855			6
2022.08.17	11:09:24.794	134.854	134.854			6
2022.08.17	11:09:24.914	134.855	134.855			6
2022.08.17	11:09:25.218	134.854	134.854			6
2022.08.17	11:09:25.315	134.855	134.855			6
2022.08.17	11:09:25.643	134.854	134.854			6
2022.08.17	11:09:25.772	134.855	134.855			6
2022.08.17	11:09:25.875	134.854	134.854			6
2022.08.17	11:09:25.973	134.857	134.857			6
2022.08.17	11:09:26.076	134.858	134.858			6
2022.08.17	11:09:26.176	134.857	134.857			6
2022.08.17	11:09:26.425	134.858	134.858			6
2022.08.17	11:09:26.721	134.857	134.857			6
2022.08.17	11:09:26.821	134.858	134.858			6
2022.08.17	11:09:27.581	134.857	134.857			6
2022.08.17	11:09:27.683	134.858	134.858			6
2022.08.17	11:09:28.082	134.857	134.857			6
2022.08.17	11:09:28.204	134.858	134.858			6
2022.08.17	11:09:28.461	134.857	134.857			6
2022.08.17	11:09:28.760	134.859	134.859			6
2022.08.17	11:09:28.857	134.858	134.858			6
2022.08.17	11:09:29.288	134.859	134.859			6
2022.08.17	11:09:29.389	134.861	134.861			6
2022.08.17	11:09:29.590	134.860	134.860			6
2022.08.17	11:09:29.914	134.859	134.859			6
2022.08.17	11:09:30.037	134.860	134.860			6
2022.08.17	11:09:30.140	134.858	134.858			6
2022.08.17	11:09:30.340	134.859	134.859			6
2022.08.17	11:09:30.443	134.858	134.858			6
2022.08.17	11:09:30.538	134.859	134.859			6
2022.08.17	11:09:30.647	134.858	134.858			6
2022.08.17	11:09:31.394	134.859	134.859			6
2022.08.17	11:09:31.743	134.858	134.858			6
2022.08.17	11:09:31.849	134.859	134.859			6
2022.08.17	11:09:32.048	134.858	134.858			6
2022.08.17	11:09:32.154	134.859	134.859			6
2022.08.17	11:09:32.252	134.856	134.856			6
2022.08.17	11:09:32.360	134.857	134.857			6
2022.08.17	11:09:32.490	134.862	134.862			6
2022.08.17	11:09:32.608	134.863	134.863			6
2022.08.17	11:09:32.708	134.865	134.865			6
2022.08.17	11:09:32.806	134.863	134.863			6
2022.08.17	11:09:32.909	134.864	134.864			6
2022.08.17	11:09:33.107	134.866	134.866			6
2022.08.17	11:09:33.209	134.865	134.865			6
2022.08.17	11:09:33.452	134.864	134.864			6
2022.08.17	11:09:33.553	134.866	134.866			6
2022.08.17	11:09:33.648	134.865	134.865			6
2022.08.17	11:09:33.748	134.864	134.864			6
2022.08.17	11:09:33.855	134.863	134.863			6
2022.08.17	11:09:33.964	134.865	134.865			6
2022.08.17	11:09:34.188	134.864	134.864			6
2022.08.17	11:09:34.306	134.865	134.865			6
2022.08.17	11:09:34.405	134.866	134.866			6
2022.08.17	11:09:34.709	134.865	134.865			6
2022.08.17	11:09:34.920	134.866	134.866			6
2022.08.17	11:09:35.191	134.869	134.869			6
2022.08.17	11:09:35.257	134.870	134.870			6
2022.08.17	11:09:35.360	134.871	134.871			6
2022.08.17	11:09:35.458	134.870	134.870			6
2022.08.17	11:09:35.659	134.873	134.873			6
2022.08.17	11:09:35.766	134.871	134.871			6
2022.08.17	11:09:35.886	134.873	134.873			6
2022.08.17	11:09:37.928	134.872	134.872			6
2022.08.17	11:09:38.033	134.873	134.873			6
2022.08.17	11:09:38.582	134.874	134.874			6
2022.08.17	11:09:38.874	134.873	134.873			6
2022.08.17	11:09:38.981	134.874	134.874			6
2022.08.17	11:09:39.076	134.872	134.872			6
2022.08.17	11:09:39.179	134.873	134.873			6
2022.08.17	11:09:39.308	134.872	134.872			6
2022.08.17	11:09:39.524	134.873	134.873			6
2022.08.17	11:09:39.626	134.872	134.872			6
2022.08.17	11:09:39.724	134.873	134.873			6
2022.08.17	11:09:39.833	134.870	134.870			6
2022.08.17	11:09:39.927	134.871	134.871			6
2022.08.17	11:09:40.154	134.870	134.870			6
2022.08.17	11:09:40.281	134.872	134.872			6
2022.08.17	11:09:40.480	134.870	134.870			6
2022.08.17	11:09:40.681	134.871	134.871			6
2022.08.17	11:09:40.782	134.870	134.870			6
2022.08.17	11:09:41.234	134.871	134.871			6
2022.08.17	11:09:41.341	134.870	134.870			6
2022.08.17	11:09:41.443	134.867	134.867			6
2022.08.17	11:09:41.542	134.865	134.865			6
2022.08.17	11:09:41.872	134.863	134.863			6
2022.08.17	11:09:41.986	134.859	134.859			6
2022.08.17	11:09:42.092	134.860	134.860			6
2022.08.17	11:09:42.283	134.857	134.857			6
2022.08.17	11:09:42.398	134.859	134.859			6
2022.08.17	11:09:42.489	134.858	134.858			6
2022.08.17	11:09:42.590	134.859	134.859			6
2022.08.17	11:09:42.841	134.858	134.858			6
2022.08.17	11:09:43.032	134.859	134.859			6
2022.08.17	11:09:43.135	134.857	134.857			6
2022.08.17	11:09:43.241	134.859	134.859			6
2022.08.17	11:09:43.340	134.857	134.857			6
2022.08.17	11:09:43.884	134.859	134.859			6
2022.08.17	11:09:44.837	134.858	134.858			6
2022.08.17	11:09:45.034	134.859	134.859			6
2022.08.17	11:09:45.587	134.858	134.858			6
2022.08.17	11:09:45.699	134.856	134.856			6
2022.08.17	11:09:45.791	134.855	134.855			6
2022.08.17	11:09:45.886	134.857	134.857			6
2022.08.17	11:09:45.993	134.858	134.858			6
2022.08.17	11:09:46.245	134.853	134.853			6
2022.08.17	11:09:46.443	134.855	134.855			6
2022.08.17	11:09:46.544	134.853	134.853			6
2022.08.17	11:09:46.643	134.854	134.854			6
2022.08.17	11:09:46.853	134.853	134.853			6
2022.08.17	11:09:46.968	134.854	134.854			6
2022.08.17	11:09:47.195	134.853	134.853			6
2022.08.17	11:09:47.292	134.851	134.851			6
2022.08.17	11:09:47.387	134.852	134.852			6
2022.08.17	11:09:47.589	134.853	134.853			6
2022.08.17	11:09:48.150	134.852	134.852			6
2022.08.17	11:09:48.244	134.853	134.853			6
2022.08.17	11:09:48.342	134.852	134.852			6
2022.08.17	11:09:48.441	134.853	134.853			6
2022.08.17	11:09:48.542	134.852	134.852			6
2022.08.17	11:09:49.091	134.853	134.853			6
2022.08.17	11:09:49.194	134.849	134.849			6
2022.08.17	11:09:49.293	134.848	134.848			6
2022.08.17	11:09:49.525	134.846	134.846			6
2022.08.17	11:09:50.047	134.845	134.845			6
2022.08.17	11:09:50.148	134.847	134.847			6
2022.08.17	11:09:50.501	134.844	134.844			6
2022.08.17	11:09:50.606	134.845	134.845			6
2022.08.17	11:09:51.651	134.846	134.846			6
2022.08.17	11:09:51.760	134.842	134.842			6
2022.08.17	11:09:51.971	134.839	134.839			6
2022.08.17	11:09:52.090	134.831	134.831			6
2022.08.17	11:09:52.211	134.833	134.833			6
2022.08.17	11:09:52.322	134.831	134.831			6
2022.08.17	11:09:52.503	134.832	134.832			6
2022.08.17	11:09:52.603	134.831	134.831			6
2022.08.17	11:09:52.703	134.833	134.833			6
2022.08.17	11:09:52.818	134.834	134.834			6
2022.08.17	11:09:53.052	134.835	134.835			6
2022.08.17	11:09:53.154	134.834	134.834			6
2022.08.17	11:09:53.254	134.833	134.833			6
2022.08.17	11:09:53.364	134.830	134.830			6
2022.08.17	11:09:53.458	134.829	134.829			6
2022.08.17	11:09:53.558	134.831	134.831			6
2022.08.17	11:09:53.663	134.830	134.830			6
2022.08.17	11:09:53.781	134.832	134.832			6
2022.08.17	11:09:54.009	134.831	134.831			6
2022.08.17	11:09:54.114	134.832	134.832			6
2022.08.17	11:09:54.218	134.834	134.834			6
2022.08.17	11:09:54.409	134.836	134.836			6
2022.08.17	11:09:54.516	134.832	134.832			6
2022.08.17	11:09:54.757	134.833	134.833			6
2022.08.17	11:09:54.860	134.832	134.832			6
2022.08.17	11:09:55.064	134.833	134.833			6
2022.08.17	11:09:55.280	134.834	134.834			6
2022.08.17	11:09:55.493	134.836	134.836			6
2022.08.17	11:09:55.612	134.837	134.837			6
2022.08.17	11:09:55.810	134.838	134.838			6
2022.08.17	11:09:55.910	134.839	134.839			6
2022.08.17	11:09:56.011	134.838	134.838			6
2022.08.17	11:09:56.121	134.839	134.839			6
2022.08.17	11:09:56.227	134.838	134.838			6
2022.08.17	11:09:56.378	134.836	134.836			6
2022.08.17	11:09:56.471	134.837	134.837			6
2022.08.17	11:09:56.568	134.836	134.836			6
2022.08.17	11:09:56.767	134.837	134.837			6
2022.08.17	11:09:56.864	134.835	134.835			6
2022.08.17	11:09:56.972	134.836	134.836			6
2022.08.17	11:09:57.324	134.837	134.837			6
2022.08.17	11:09:57.425	134.835	134.835			6
2022.08.17	11:09:57.520	134.834	134.834			6
2022.08.17	11:09:57.627	134.835	134.835			6
2022.08.17	11:09:57.731	134.834	134.834			6
2022.08.17	11:09:57.830	134.833	134.833			6
2022.08.17	11:09:57.931	134.834	134.834			6
2022.08.17	11:09:58.057	134.832	134.832			6
2022.08.17	11:09:58.177	134.834	134.834			6
2022.08.17	11:09:58.372	134.833	134.833			6
2022.08.17	11:09:58.790	134.832	134.832			6
2022.08.17	11:09:58.905	134.831	134.831			6
2022.08.17	11:09:59.035	134.832	134.832			6
2022.08.17	11:09:59.139	134.835	134.835			6
2022.08.17	11:09:59.231	134.836	134.836			6
2022.08.17	11:09:59.334	134.838	134.838			6
2022.08.17	11:09:59.437	134.839	134.839			6
2022.08.17	11:09:59.535	134.840	134.840			6
2022.08.17	11:09:59.645	134.843	134.843			6
2022.08.17	11:09:59.764	134.842	134.842			6
2022.08.17	11:09:59.978	134.844	134.844			6
2022.08.17	11:10:00.081	134.844				2
2022.08.17	11:10:00.382	134.845	134.845			6
2022.08.17	11:10:00.483	134.844	134.844			6
2022.08.17	11:10:00.734	134.845	134.845			6
2022.08.17	11:10:01.037	134.846	134.846			6
2022.08.17	11:10:01.137	134.847	134.847			6
2022.08.17	11:10:01.467	134.848	134.848			6
2022.08.17	11:10:02.200	134.847	134.847			6
2022.08.17	11:10:02.544	134.845	134.845			6
2022.08.17	11:10:02.672	134.847	134.847			6
2022.08.17	11:10:02.876	134.846	134.846			6
2022.08.17	11:10:02.974	134.849	134.849			6
2022.08.17	11:10:03.072	134.848	134.848			6
2022.08.17	11:10:04.146	134.846	134.846			6
2022.08.17	11:10:04.248	134.847	134.847			6
2022.08.17	11:10:04.442	134.848	134.848			6
2022.08.17	11:10:04.748	134.847	134.847			6
2022.08.17	11:10:05.103	134.846	134.846			6
2022.08.17	11:10:05.218	134.842	134.842			6
2022.08.17	11:10:05.405	134.841	134.841			6
2022.08.17	11:10:05.607	134.840	134.840			6
2022.08.17	11:10:05.728	134.841	134.841			6
2022.08.17	11:10:06.464	134.840	134.840			6
2022.08.17	11:10:07.315	134.842	134.842			6
2022.08.17	11:10:07.453	134.840	134.840			6
2022.08.17	11:10:07.569	134.841	134.841			6
2022.08.17	11:10:07.668	134.842	134.842			6
2022.08.17	11:10:07.770	134.840	134.840			6
2022.08.17	11:10:08.182	134.841	134.841			6
2022.08.17	11:10:08.297	134.840	134.840			6
2022.08.17	11:10:08.422	134.841	134.841			6
2022.08.17	11:10:08.758	134.838	134.838			6
2022.08.17	11:10:08.855	134.837	134.837			6
2022.08.17	11:10:09.044	134.838	134.838			6
2022.08.17	11:10:09.154	134.837	134.837			6
2022.08.17	11:10:09.276	134.838	134.838			6
2022.08.17	11:10:09.383	134.839	134.839			6
2022.08.17	11:10:09.485	134.840	134.840			6
2022.08.17	11:10:09.577	134.842	134.842			6
2022.08.17	11:10:09.782	134.845	134.845			6
2022.08.17	11:10:10.230	134.842	134.842			6
2022.08.17	11:10:10.444	134.841	134.841			6
2022.08.17	11:10:10.867	134.842	134.842			6
2022.08.17	11:10:10.985	134.841	134.841			6
2022.08.17	11:10:11.080	134.842	134.842			6
2022.08.17	11:10:11.384	134.841	134.841			6
2022.08.17	11:10:11.592	134.840	134.840			6
2022.08.17	11:10:11.712	134.842	134.842			6
2022.08.17	11:10:11.847	134.844	134.844			6
2022.08.17	11:10:12.047	134.843	134.843			6
2022.08.17	11:10:12.242	134.844	134.844			6
2022.08.17	11:10:12.345	134.843	134.843			6
2022.08.17	11:10:12.449	134.842	134.842			6
2022.08.17	11:10:12.695	134.841	134.841			6
2022.08.17	11:10:12.793	134.842	134.842			6
2022.08.17	11:10:13.096	134.841	134.841			6
2022.08.17	11:10:13.198	134.842	134.842			6
2022.08.17	11:10:15.764	134.837	134.837			6
2022.08.17	11:10:15.867	134.838	134.838			6
2022.08.17	11:10:16.116	134.839	134.839			6
